Count,Tradelist Count,Name,Edition,Condition,Language,Foil,Tags,Last Modified,Collector Number,Alter,Proxy,Purchase Price
20,20,Rabbit,tblb,Near Mint,English,,,2025-11-10 19:11:51.033000,3,False,False,
1,1,Moment of Triumph,j25,Near Mint,English,,,2025-02-15 21:47:40.880000,229,False,False,
1,1,Revitalize,j25,Near Mint,English,,,2025-02-15 21:47:20.347000,244,False,False,
1,1,Season of the Burrow,blb,Near Mint,English,,,2025-02-15 21:41:06.553000,29,False,False,
2,2,Warren Warleader,tblb,Near Mint,English,,,2025-02-15 21:40:54.810000,5,False,False,
4,4,Valley Questcaller,blb,Near Mint,English,foil,,2025-02-15 21:36:59.257000,36,False,False,
4,4,Warren Warleader,blb,Near Mint,English,,,2025-02-15 21:35:34.147000,38,False,False,
4,4,Patchwork Banner,blb,Near Mint,English,,,2025-02-15 21:31:43.573000,247,False,False,
4,4,Hop to It,blb,Near Mint,English,,,2025-02-15 21:29:25.917000,16,False,False,
4,4,Hinterland Sanctifier,j25,Near Mint,English,,,2025-02-15 21:24:32.930000,5,False,False,
2,2,Acolyte of Affliction,thb,Near Mint,English,foil,,2025-01-28 05:35:25.987000,206,False,False,
2,2,Amorphous Axe,cmr,Near Mint,English,foil,,2025-01-28 05:35:25.987000,295,False,False,
3,3,Angelic Armaments,cmr,Near Mint,English,foil,,2025-01-28 05:35:25.987000,296,False,False,
2,2,Armory of Iroas,cmr,Near Mint,English,foil,,2025-01-28 05:35:25.987000,299,False,False,
1,1,Azorius Cluestone,dgm,Near Mint,English,foil,,2025-01-28 05:35:25.987000,136,False,False,
1,1,Blood Researcher,stx,Near Mint,English,foil,,2025-01-28 05:35:25.987000,166,False,False,
1,1,Boros Cluestone,dgm,Near Mint,English,foil,,2025-01-28 05:35:25.987000,137,False,False,
1,1,Campus Guide,stx,Near Mint,English,foil,,2025-01-28 05:35:25.987000,252,False,False,
1,1,Cathodion,2xm,Near Mint,English,foil,,2025-01-28 05:35:25.987000,237,False,False,
1,1,Clockwork Hydra,tsr,Near Mint,English,foil,,2025-01-28 05:35:25.987000,264,False,False,
1,1,Cogwork Archivist,stx,Near Mint,English,foil,,2025-01-28 05:35:25.987000,254,False,False,
1,1,Colossal Plow,khm,Near Mint,English,foil,,2025-01-28 05:35:25.987000,236,False,False,
1,1,Dreg Mangler,rtr,Near Mint,English,foil,,2025-01-28 05:35:25.987000,158,False,False,
1,1,Dreg Mangler,prtr,Near Mint,English,foil,,2025-01-28 05:35:25.987000,158,False,False,
1,1,Eager Construct,2xm,Near Mint,English,foil,,2025-01-28 05:35:25.987000,250,False,False,
1,1,Environmental Sciences,stx,Near Mint,English,foil,,2025-01-28 05:35:25.987000,1,False,False,
1,1,Eureka Moment,stx,Near Mint,English,foil,,2025-01-28 05:35:25.987000,184,False,False,
3,3,Eutropia the Twice-Favored,thb,Near Mint,English,foil,,2025-01-28 05:35:25.987000,216,False,False,
1,1,Expanded Anatomy,stx,Near Mint,English,foil,,2025-01-28 05:35:25.987000,2,False,False,
1,1,Glassdust Hulk,2xm,Near Mint,English,foil,,2025-01-28 05:35:25.987000,199,False,False,
2,2,Golem Artisan,cmr,Near Mint,English,foil,,2025-01-28 05:35:25.987000,311,False,False,
2,2,Golem-Skin Gauntlets,2xm,Near Mint,English,foil,,2025-01-28 05:35:25.987000,259,False,False,
1,1,Hero of the Nyxborn,thb,Near Mint,English,foil,,2025-01-28 05:35:25.987000,219,False,False,
2,2,Hero's Blade,cmr,Near Mint,English,foil,,2025-01-28 05:35:25.987000,314,False,False,
1,1,Hexplate Golem,bbd,Near Mint,English,foil,,2025-01-28 05:35:25.987000,237,False,False,
2,2,Howling Golem,cmr,Near Mint,English,foil,,2025-01-28 05:35:25.987000,316,False,False,
1,1,Inkling Summoning,stx,Near Mint,English,foil,,2025-01-28 05:35:25.987000,195,False,False,
1,1,Introduction to Prophecy,stx,Near Mint,English,foil,,2025-01-28 05:35:25.987000,4,False,False,
1,1,Iron Bully,2xm,Near Mint,English,foil,,2025-01-28 05:35:25.987000,262,False,False,
1,1,Letter of Acceptance,stx,Near Mint,English,foil,,2025-01-28 05:35:25.987000,256,False,False,
1,1,Lumengrid Gargoyle,cmr,Near Mint,English,foil,,2025-01-28 05:35:25.987000,321,False,False,
2,2,Magnifying Glass,2xm,Near Mint,English,foil,,2025-01-28 05:35:25.987000,269,False,False,
1,1,Mask of Memory,c14,Near Mint,English,,,2025-01-28 05:35:25.987000,249,False,False,
2,2,Metalspinner's Puzzleknot,2xm,Near Mint,English,foil,,2025-01-28 05:35:25.987000,273,False,False,
1,1,Mindless Automaton,cmr,Near Mint,English,foil,,2025-01-28 05:35:25.987000,326,False,False,
1,1,Outland Boar,aer,Near Mint,English,foil,,2025-01-28 05:35:25.987000,132,False,False,
1,1,Owlin Shieldmage,stx,Near Mint,English,foil,,2025-01-28 05:35:25.987000,210,False,False,
3,3,Pennon Blade,cmr,Near Mint,English,foil,,2025-01-28 05:35:25.987000,329,False,False,
2,2,Rise to Glory,thb,Near Mint,English,foil,,2025-01-28 05:35:25.987000,225,False,False,
8,8,Runed Crown,khm,Near Mint,English,foil,,2025-01-28 05:35:25.987000,245,False,False,
1,1,Sandstone Oracle,2xm,Near Mint,English,foil,,2025-01-28 05:35:25.987000,285,False,False,
2,2,Scion of Ugin,ima,Near Mint,English,foil,,2025-01-28 05:35:25.987000,1,False,False,
1,1,Seer's Lantern,cmr,Near Mint,English,foil,,2025-01-28 05:35:25.987000,338,False,False,
1,1,Sickleslicer,2xm,Near Mint,English,foil,,2025-01-28 05:35:25.987000,287,False,False,
2,2,Signpost Scarecrow,eld,Near Mint,English,foil,,2025-01-28 05:35:25.987000,231,False,False,
1,1,Simic Cluestone,dgm,Near Mint,English,foil,,2025-01-28 05:35:25.987000,145,False,False,
2,2,Skinwing,2xm,Near Mint,English,foil,,2025-01-28 05:35:25.987000,288,False,False,
1,1,Slaughter-Priest of Mogis,thb,Near Mint,English,foil,,2025-01-28 05:35:25.987000,227,False,False,
1,1,Spectral Searchlight,cmr,Near Mint,English,foil,,2025-01-28 05:35:25.987000,342,False,False,
1,1,Staff of Nin,pm13,Near Mint,English,foil,,2025-01-28 05:35:25.987000,217★,False,False,
1,1,Staff of the Wild Magus,m15,Near Mint,English,foil,,2025-01-28 05:35:25.987000,236,False,False,
1,1,Stonework Packbeast,znr,Near Mint,English,foil,,2025-01-28 05:35:25.987000,255,False,False,
1,1,Surge Node,2xm,Near Mint,English,foil,,2025-01-28 05:35:25.987000,294,False,False,
1,1,Swiftfoot Boots,c14,Near Mint,English,,,2025-01-28 05:35:25.987000,275,False,False,
1,1,Temple of the False God,c20,Near Mint,English,,,2025-01-28 05:35:25.987000,319,False,False,
2,2,Thundering Chariot,thb,Near Mint,English,foil,,2025-01-28 05:35:25.987000,239,False,False,
1,1,Tormod's Crypt,m15,Near Mint,English,,,2025-01-28 05:35:25.987000,237,False,False,
1,1,Traveler's Amulet,rix,Near Mint,English,foil,,2025-01-28 05:35:25.987000,184,False,False,
1,1,Tumble Magnet,2xm,Near Mint,English,foil,,2025-01-28 05:35:25.987000,304,False,False,
3,3,Universal Solvent,cmr,Near Mint,English,foil,,2025-01-28 05:35:25.987000,347,False,False,
2,2,Unlicensed Disintegration,2xm,Near Mint,English,foil,,2025-01-28 05:35:25.987000,224,False,False,
1,1,Utility Knife,znr,Near Mint,English,foil,,2025-01-28 05:35:25.987000,256,False,False,
5,5,Warden of the Chained,thb,Near Mint,English,foil,,2025-01-28 05:35:25.987000,230,False,False,
1,1,Weapons Trainer,2xm,Near Mint,English,foil,,2025-01-28 05:35:25.987000,228,False,False,
1,1,Weldfast Engineer,aer,Near Mint,English,foil,,2025-01-28 05:35:25.987000,139,False,False,
1,1,Witches' Eye,ths,Near Mint,English,foil,,2025-01-28 05:35:25.987000,222,False,False,
1,1,Wose Pathfinder,ltr,Near Mint,English,,,2025-01-28 05:34:48.173000,190,False,False,
1,1,Wrathful Red Dragon,clb,Near Mint,English,foil,,2025-01-28 05:34:48.173000,585,False,False,
1,1,Llanowar Loamspeaker,dmu,Near Mint,English,foil,,2025-01-28 05:34:40.910000,428,False,False,
1,1,Long River Lurker,blb,Near Mint,English,,,2025-01-28 05:34:40.910000,57,False,False,
1,1,Mandibular Kite,mh3,Near Mint,English,,,2025-01-28 05:34:40.910000,34,False,False,
2,2,Manifold Mouse,tblb,Near Mint,English,,,2025-01-28 05:34:40.910000,18,False,False,
1,1,Meltdown,mh3,Near Mint,English,,,2025-01-28 05:34:40.910000,282,False,False,
2,2,Might of the Meek,blb,Near Mint,English,,,2025-01-28 05:34:40.910000,144,False,False,
2,2,Mind Spiral,blb,Near Mint,English,,,2025-01-28 05:34:40.910000,59,False,False,
1,1,Minimus Containment,clb,Near Mint,English,foil,,2025-01-28 05:34:40.910000,34,False,False,
1,1,Misdirection,sld,Near Mint,English,foil,,2025-01-28 05:34:40.910000,1272,False,False,
1,1,Monster Manual // Zoological Study,sld,Near Mint,English,foil,,2025-01-28 05:34:40.910000,1782,False,False,
1,1,Moonrise Cleric,blb,Near Mint,English,,,2025-01-28 05:34:40.910000,226,False,False,
1,1,Moonshae Pixie // Pixie Dust,clb,Near Mint,English,foil,,2025-01-28 05:34:40.910000,84,False,False,
1,1,Mountain,mh3,Near Mint,English,,,2025-01-28 05:34:40.910000,316,False,False,
1,1,Mycosynth Golem,sld,Near Mint,English,foil,,2025-01-28 05:34:40.910000,1433★,False,False,
1,1,Mycosynth Lattice,sld,Near Mint,English,foil,,2025-01-28 05:34:40.910000,1434★,False,False,
1,1,Mycosynth Wellspring,sld,Near Mint,English,foil,,2025-01-28 05:34:40.910000,1435★,False,False,
1,1,Nasty End,ltr,Near Mint,English,,,2025-01-28 05:34:40.910000,99,False,False,
1,1,Nexus of Fate,sld,Near Mint,English,foil,,2025-01-28 05:34:40.910000,1498★,False,False,
1,1,Nightwhorl Hermit,blb,Near Mint,English,,,2025-01-28 05:34:40.910000,62,False,False,
1,1,Nimble Hobbit,ltr,Near Mint,English,,,2025-01-28 05:34:40.910000,23,False,False,
1,1,Nimbleclaw Adept,clb,Near Mint,English,foil,,2025-01-28 05:34:40.910000,86,False,False,
1,1,Noble Heritage,clb,Near Mint,English,etched,,2025-01-28 05:34:40.910000,478,False,False,
1,1,"Now for Wrath, Now for Ruin!",ltr,Near Mint,English,,,2025-01-28 05:34:40.910000,24,False,False,
1,1,Nyxbloom Ancient,sld,Near Mint,English,foil,,2025-01-28 05:34:40.910000,1275,False,False,
1,1,Oakhollow Village,blb,Near Mint,English,,,2025-01-28 05:34:40.910000,258,False,False,
1,1,"Oji, the Exquisite Blade",clb,Near Mint,English,foil,,2025-01-28 05:34:40.910000,436,False,False,
1,1,Oliphaunt,ltr,Near Mint,English,,,2025-01-28 05:34:40.910000,139,False,False,
1,1,Olog-hai Crusher,ltr,Near Mint,English,,,2025-01-28 05:34:40.910000,140,False,False,
1,1,Overprotect,blb,Near Mint,English,,,2025-01-28 05:34:40.910000,185,False,False,
1,1,Peerless Recycling,blb,Near Mint,English,,,2025-01-28 05:34:40.910000,188,False,False,
1,1,Peregrin Took,ltr,Near Mint,English,foil,,2025-01-28 05:34:40.910000,315,False,False,
1,1,Pilfer,fdn,Near Mint,English,,,2025-01-28 05:34:40.910000,181,False,False,
1,1,Plains,ltr,Near Mint,English,,,2025-01-28 05:34:40.910000,262,False,False,
1,1,Plumecreed Mentor,blb,Near Mint,English,,,2025-01-28 05:34:40.910000,228,False,False,
1,1,Pond Prophet,blb,Near Mint,English,,,2025-01-28 05:34:40.910000,229,False,False,
1,1,Ponder,sld,Near Mint,English,foil,,2025-01-28 05:34:40.910000,1783,False,False,
1,1,Quaketusk Boar,blb,Near Mint,English,,,2025-01-28 05:34:40.910000,146,False,False,
1,1,Rabid Gnaw,blb,Near Mint,English,,,2025-01-28 05:34:40.910000,147,False,False,
1,1,Rally at the Hornburg,ltr,Near Mint,English,,,2025-01-28 05:34:40.910000,142,False,False,
1,1,Rankle and Torbran,mom,Near Mint,English,,,2025-01-28 05:34:40.910000,252,False,False,
1,1,Reality Shift,sld,Near Mint,English,foil,,2025-01-28 05:34:40.910000,1781,False,False,
1,1,Relentless Rohirrim,ltr,Near Mint,English,,,2025-01-28 05:34:40.910000,144,False,False,
1,1,Repel Calamity // Repel Calamity,ablb,Near Mint,English,,,2025-01-28 05:34:40.910000,2,False,False,
1,1,Retrofitted Transmogrant,mh3,Near Mint,English,,,2025-01-28 05:34:40.910000,106,False,False,
1,1,Rising of the Day,ltr,Near Mint,English,foil,,2025-01-28 05:34:40.910000,427,False,False,
1,1,Samwise the Stouthearted,ltr,Near Mint,English,foil,,2025-01-28 05:34:40.910000,306,False,False,
1,1,Sauron's Ransom,ltr,Near Mint,English,,,2025-01-28 05:34:40.910000,225,False,False,
1,1,Sazacap's Brew,blb,Near Mint,English,,,2025-01-28 05:34:40.910000,151,False,False,
1,1,Sculpted Sunburst,clb,Near Mint,English,,,2025-01-28 05:34:40.910000,557,False,False,
1,1,Sea Hag // Aquatic Ingress,clb,Near Mint,English,foil,,2025-01-28 05:34:40.910000,95,False,False,
1,1,Second Breakfast,ltr,Near Mint,English,,,2025-01-28 05:34:40.910000,29,False,False,
1,1,Seedglaive Mentor,blb,Near Mint,English,,,2025-01-28 05:34:40.910000,231,False,False,
1,1,Semblance Anvil,brr,Near Mint,English,,,2025-01-28 05:34:40.910000,52,False,False,
1,1,Sheltering Landscape,mh3,Near Mint,English,,,2025-01-28 05:34:40.910000,227,False,False,
2,2,Shire Scarecrow,ltr,Near Mint,English,,,2025-01-28 05:34:40.910000,249,False,False,
1,1,Shire Terrace,ltr,Near Mint,English,,,2025-01-28 05:34:40.910000,261,False,False,
1,1,Shower of Arrows,ltr,Near Mint,English,,,2025-01-28 05:34:40.910000,188,False,False,
1,1,Shrike Force,blb,Near Mint,English,,,2025-01-28 05:34:40.910000,31,False,False,
1,1,Siege Rhino,ktk,Near Mint,English,,,2025-01-28 05:34:40.910000,200,False,False,
1,1,Skyshroud Claim,bbd,Near Mint,English,foil,,2025-01-28 05:34:40.910000,213,False,False,
1,1,Skyskipper Duo,blb,Near Mint,English,,,2025-01-28 05:34:40.910000,71,False,False,
1,1,Slip On the Ring,ltr,Near Mint,English,,,2025-01-28 05:34:40.910000,31,False,False,
1,1,Smite the Deathless,ltr,Near Mint,English,,,2025-01-28 05:34:40.910000,148,False,False,
1,1,Snarling Warg,ltr,Near Mint,English,,,2025-01-28 05:34:40.910000,109,False,False,
1,1,Sol Ring,sld,Near Mint,English,foil,,2025-01-28 05:34:40.910000,1494★,False,False,
1,1,Solemn Doomguide,clb,Near Mint,English,,,2025-01-28 05:34:40.910000,625,False,False,
1,1,Solemn Simulacrum,sld,Near Mint,English,foil,,2025-01-28 05:34:40.910000,791★,False,False,
1,1,Spectral Sailor,fdn,Near Mint,English,,,2025-01-28 05:34:40.910000,164,False,False,
1,1,Spectral Sailor,fdn,Near Mint,English,foil,,2025-01-28 05:34:40.910000,164,False,False,
1,1,Spellgyre,blb,Near Mint,English,,,2025-01-28 05:34:40.910000,72,False,False,
1,1,Splash Lasher,blb,Near Mint,English,,,2025-01-28 05:34:40.910000,73,False,False,
2,2,Stalwarts of Osgiliath,ltr,Near Mint,English,,,2025-01-28 05:34:40.910000,33,False,False,
1,1,Star Charter,blb,Near Mint,English,,,2025-01-28 05:34:40.910000,33,False,False,
1,1,Steampath Charger,tblb,Near Mint,English,,,2025-01-28 05:34:40.910000,19,False,False,
1,1,Steampath Charger,blb,Near Mint,English,,,2025-01-28 05:34:40.910000,153,False,False,
1,1,Steelshaper's Gift,cmm,Near Mint,English,,,2025-01-28 05:34:40.910000,629,False,False,
1,1,Stocking the Pantry,blb,Near Mint,English,,,2025-01-28 05:34:40.910000,194,False,False,
1,1,Swamp,ltr,Near Mint,English,,,2025-01-28 05:34:40.910000,277,False,False,
1,1,Swamp,clb,Near Mint,English,foil,,2025-01-28 05:34:40.910000,459,False,False,
1,1,Sylvan Ranger,sld,Near Mint,English,foil,,2025-01-28 05:34:40.910000,779,False,False,
1,1,Tamiyo Meets the Story Circle,mh3,Near Mint,English,,,2025-01-28 05:34:40.910000,72,False,False,
1,1,The Black Breath,ltr,Near Mint,English,,,2025-01-28 05:34:40.910000,78,False,False,
1,1,The Creation of Avacyn,mh3,Near Mint,English,,,2025-01-28 05:34:40.910000,86,False,False,
1,1,"Théoden, King of Rohan",ltr,Near Mint,English,,,2025-01-28 05:34:40.910000,233,False,False,
1,1,Thornplate Intimidator,blb,Near Mint,English,,,2025-01-28 05:34:40.910000,117,False,False,
2,2,Thought Shucker,blb,Near Mint,English,,,2025-01-28 05:34:40.910000,77,False,False,
1,1,Thought Vessel,sld,Near Mint,English,foil,,2025-01-28 05:34:40.910000,1495★,False,False,
1,1,Time Reversal,sld,Near Mint,English,foil,,2025-01-28 05:34:40.910000,1499★,False,False,
1,1,Time Stop,sld,Near Mint,English,foil,,2025-01-28 05:34:40.910000,1500★,False,False,
1,1,Tolarian Terror,fdn,Near Mint,English,,,2025-01-28 05:34:40.910000,167,False,False,
1,1,Tranquil Cove,fdn,Near Mint,English,,,2025-01-28 05:34:40.910000,270,False,False,
1,1,Treasure,tclb,Near Mint,English,foil,,2025-01-28 05:34:40.910000,17,False,False,
1,1,"Tura Kennerüd, Skyknight",dmu,Near Mint,English,,,2025-01-28 05:34:40.910000,323,False,False,
1,1,Valley Rally,blb,Near Mint,English,,,2025-01-28 05:34:40.910000,159,False,False,
1,1,Veteran Guardmouse,blb,Near Mint,English,,,2025-01-28 05:34:40.910000,237,False,False,
1,1,Voracious Fell Beast,ltr,Near Mint,English,,,2025-01-28 05:34:40.910000,113,False,False,
1,1,Warm Welcome,snc,Near Mint,English,foil,,2025-01-28 05:34:40.910000,164,False,False,
1,1,Waterspout Warden,blb,Near Mint,English,,,2025-01-28 05:34:40.910000,80,False,False,
1,1,Whiskerquill Scribe,blb,Near Mint,English,,,2025-01-28 05:34:40.910000,161,False,False,
1,1,Wildwood Scourge,fdn,Near Mint,English,,,2025-01-28 05:34:40.910000,236,False,False,
1,1,Alania's Pathmaker,blb,Near Mint,English,,,2025-01-28 05:33:23.587000,123,False,False,
4,4,Brave-Kin Duo,blb,Near Mint,English,foil,,2025-01-28 05:33:23.587000,3,False,False,
1,1,Brazen Collector,blb,Near Mint,English,,,2025-01-28 05:33:23.587000,128,False,False,
1,1,Builder's Talent,blb,Near Mint,English,foil,,2025-01-28 05:33:23.587000,5,False,False,
1,1,Caretaker's Talent,blb,Near Mint,English,,,2025-01-28 05:33:23.587000,6,False,False,
4,4,Carrot Cake,blb,Near Mint,English,,,2025-01-28 05:33:23.587000,7,False,False,
1,1,Daring Waverider,blb,Near Mint,English,,,2025-01-28 05:33:23.587000,44,False,False,
1,1,Forest,blb,Near Mint,English,foil,,2025-01-28 05:33:23.587000,279,False,False,
1,1,Fountainport,blb,Near Mint,English,,,2025-01-28 05:33:23.587000,253,False,False,
4,4,Harvestrite Host,blb,Near Mint,English,,,2025-01-28 05:33:23.587000,15,False,False,
2,2,Head of the Homestead,blb,Near Mint,English,,,2025-01-28 05:33:23.587000,216,False,False,
1,1,Hidden Grotto,blb,Near Mint,English,,,2025-01-28 05:33:23.587000,254,False,False,
4,4,Intrepid Rabbit,blb,Near Mint,English,,,2025-01-28 05:33:23.587000,17,False,False,
4,4,Intrepid Rabbit,tblb,Near Mint,English,,,2025-01-28 05:33:23.587000,2,False,False,
1,1,Island,blb,Near Mint,English,,,2025-01-28 05:33:23.587000,268,False,False,
1,1,Island,blb,Near Mint,English,foil,,2025-01-28 05:33:23.587000,267,False,False,
1,1,Island,blb,Near Mint,English,foil,,2025-01-28 05:33:23.587000,372,False,False,
1,1,Island,blb,Near Mint,English,foil,,2025-01-28 05:33:23.587000,371,False,False,
2,2,Island,blb,Near Mint,English,,,2025-01-28 05:33:23.587000,266,False,False,
1,1,Island,blb,Near Mint,English,,,2025-01-28 05:33:23.587000,269,False,False,
1,1,Kindlespark Duo,blb,Near Mint,English,,,2025-01-28 05:33:23.587000,142,False,False,
2,2,Lightshell Duo,blb,Near Mint,English,,,2025-01-28 05:33:23.587000,56,False,False,
4,4,Lupinflower Village,blb,Near Mint,English,foil,,2025-01-28 05:33:23.587000,256,False,False,
1,1,Mountain,blb,Near Mint,English,foil,,2025-01-28 05:33:23.587000,275,False,False,
1,1,Mountain,blb,Near Mint,English,,,2025-01-28 05:33:23.587000,276,False,False,
1,1,Mountain,blb,Near Mint,English,foil,,2025-01-28 05:33:23.587000,376,False,False,
1,1,Mountain,blb,Near Mint,English,foil,,2025-01-28 05:33:23.587000,375,False,False,
1,1,Mountain,blb,Near Mint,English,,,2025-01-28 05:33:23.587000,277,False,False,
4,4,Mountain,blb,Near Mint,English,,,2025-01-28 05:33:23.587000,274,False,False,
1,1,Mountain,blb,Near Mint,English,,,2025-01-28 05:33:23.587000,275,False,False,
1,1,Mountain,blb,Near Mint,English,foil,,2025-01-28 05:33:23.587000,276,False,False,
2,2,Otterball Antics,blb,Near Mint,English,,,2025-01-28 05:33:23.587000,63,False,False,
2,2,Pileated Provisioner,blb,Near Mint,English,,,2025-01-28 05:33:23.587000,25,False,False,
1,1,Plains,blb,Near Mint,English,foil,,2025-01-28 05:33:23.587000,263,False,False,
1,1,Plains,blb,Near Mint,English,foil,,2025-01-28 05:33:23.587000,370,False,False,
6,6,Plains,blb,Near Mint,English,,,2025-01-28 05:33:23.587000,369,False,False,
1,1,Plains,blb,Near Mint,English,foil,,2025-01-28 05:33:23.587000,369,False,False,
6,6,Plains,blb,Near Mint,English,,,2025-01-28 05:33:23.587000,370,False,False,
1,1,Plains,blb,Near Mint,English,,,2025-01-28 05:33:23.587000,264,False,False,
1,1,Plains,blb,Near Mint,English,,,2025-01-28 05:33:23.587000,262,False,False,
1,1,Plains,blb,Near Mint,English,,,2025-01-28 05:33:23.587000,265,False,False,
1,1,Playful Shove,blb,Near Mint,English,,,2025-01-28 05:33:23.587000,145,False,False,
4,4,Rabbit Response,blb,Near Mint,English,,,2025-01-28 05:33:23.587000,26,False,False,
2,2,Raccoon Rallier,blb,Near Mint,English,,,2025-01-28 05:33:23.587000,148,False,False,
1,1,"Ral, Crackling Wit",blb,Near Mint,English,,,2025-01-28 05:33:23.587000,341,False,False,
4,4,Repel Calamity,blb,Near Mint,English,,,2025-01-28 05:33:23.587000,27,False,False,
1,1,Rockface Village,blb,Near Mint,English,,,2025-01-28 05:33:23.587000,259,False,False,
1,1,Run Away Together,blb,Near Mint,English,,,2025-01-28 05:33:23.587000,67,False,False,
4,4,Seasoned Warrenguard,blb,Near Mint,English,,,2025-01-28 05:33:23.587000,30,False,False,
1,1,Stormcatch Mentor,blb,Near Mint,English,,,2025-01-28 05:33:23.587000,234,False,False,
1,1,Teapot Slinger,blb,Near Mint,English,,,2025-01-28 05:33:23.587000,157,False,False,
1,1,Tempest Angler,blb,Near Mint,English,,,2025-01-28 05:33:23.587000,235,False,False,
1,1,Tempest Angler,blb,Near Mint,English,foil,,2025-01-28 05:33:23.587000,235,False,False,
1,1,Thundertrap Trainer,blb,Near Mint,English,foil,,2025-01-28 05:33:23.587000,386,False,False,
2,2,Uncharted Haven,blb,Near Mint,English,,,2025-01-28 05:33:23.587000,261,False,False,
2,2,War Squeak,blb,Near Mint,English,,,2025-01-28 05:33:23.587000,160,False,False,
5,5,Warren Elder,blb,Near Mint,English,,,2025-01-28 05:33:23.587000,37,False,False,
1,1,"Akroma, Angel of Fury",sld,Near Mint,English,foil,,2025-01-28 05:32:51.803000,1287,False,False,
1,1,Arc Blade,tsr,Near Mint,English,foil,,2025-01-28 05:32:51.803000,152,False,False,
1,1,Barge In,eld,Near Mint,English,foil,,2025-01-28 05:32:51.803000,112,False,False,
1,1,Bombard,rix,Near Mint,English,foil,,2025-01-28 05:32:51.803000,93,False,False,
1,1,Burning Anger,cmr,Near Mint,English,foil,,2025-01-28 05:32:51.803000,166,False,False,
1,1,"Chandra, Heart of Fire",m21,Near Mint,English,,,2025-01-28 05:32:51.803000,135,False,False,
1,1,Chandra's Magmutt,m21,Near Mint,English,foil,,2025-01-28 05:32:51.803000,137,False,False,
1,1,Commander's Sphere,cmm,Near Mint,English,foil,,2025-01-28 05:32:51.803000,655,False,False,
1,1,Descent into Avernus,clb,Near Mint,English,,,2025-01-28 05:32:51.803000,580,False,False,
1,1,Disrupt Decorum,cmm,Near Mint,English,foil,,2025-01-28 05:32:51.803000,1067,False,False,
1,1,Fateful End,thb,Near Mint,English,foil,,2025-01-28 05:32:51.803000,133,False,False,
1,1,Font of Ire,jou,Near Mint,English,foil,,2025-01-28 05:32:51.803000,97,False,False,
1,1,Furnace Celebration,cmr,Near Mint,English,foil,,2025-01-28 05:32:51.803000,181,False,False,
1,1,Heartfire,war,Near Mint,English,foil,,2025-01-28 05:32:51.803000,131,False,False,
1,1,Hellkite Punisher,m21,Near Mint,English,,,2025-01-28 05:32:51.803000,151,False,False,
1,1,Hungry Flames,aer,Near Mint,English,foil,,2025-01-28 05:32:51.803000,84,False,False,
1,1,Jaya's Greeting,war,Near Mint,English,foil,,2025-01-28 05:32:51.803000,136,False,False,
1,1,Meteoric Mace,cmr,Near Mint,English,foil,,2025-01-28 05:32:51.803000,192,False,False,
1,1,Molten Blast,znr,Near Mint,English,foil,,2025-01-28 05:32:51.803000,149,False,False,
1,1,Mountain,sld,Near Mint,English,foil,,2025-01-28 05:32:51.803000,1360,False,False,
1,1,Mountain,sld,Near Mint,English,foil,,2025-01-28 05:32:51.803000,1359,False,False,
1,1,Mountain,sld,Near Mint,English,foil,,2025-01-28 05:32:51.803000,1358,False,False,
1,1,Mountain,sld,Near Mint,English,foil,,2025-01-28 05:32:51.803000,1361,False,False,
1,1,Mountain,sld,Near Mint,English,foil,,2025-01-28 05:32:51.803000,1363,False,False,
1,1,Mountain,sld,Near Mint,English,foil,,2025-01-28 05:32:51.803000,1362,False,False,
1,1,Mountain,sld,Near Mint,English,foil,,2025-01-28 05:32:51.803000,1366,False,False,
1,1,Mountain,sld,Near Mint,English,foil,,2025-01-28 05:32:51.803000,1365,False,False,
1,1,Mountain,sld,Near Mint,English,foil,,2025-01-28 05:32:51.803000,1367,False,False,
1,1,Mountain,sld,Near Mint,English,foil,,2025-01-28 05:32:51.803000,1364,False,False,
1,1,Mountain Goat,sld,Near Mint,English,foil,,2025-01-28 05:32:51.803000,737,False,False,
1,1,Mutiny,rix,Near Mint,English,foil,,2025-01-28 05:32:51.803000,106,False,False,
1,1,Omen of the Forge,thb,Near Mint,English,foil,,2025-01-28 05:32:51.803000,145,False,False,
1,1,Pillar of Flame,ima,Near Mint,English,foil,,2025-01-28 05:32:51.803000,141,False,False,
1,1,Portent of Betrayal,cmr,Near Mint,English,foil,,2025-01-28 05:32:51.803000,194,False,False,
1,1,Riddle of Lightning,tsr,Near Mint,English,foil,,2025-01-28 05:32:51.803000,183,False,False,
1,1,Rouse the Mob,jou,Near Mint,English,foil,,2025-01-28 05:32:51.803000,109,False,False,
1,1,Run Amok,khm,Near Mint,English,foil,,2025-01-28 05:32:51.803000,147,False,False,
1,1,Shackles of Treachery,khm,Near Mint,English,foil,,2025-01-28 05:32:51.803000,150,False,False,
1,1,Sizzling Barrage,znr,Near Mint,English,foil,,2025-01-28 05:32:51.803000,162,False,False,
1,1,Smashing Success,khm,Near Mint,English,foil,,2025-01-28 05:32:51.803000,151,False,False,
2,2,Soul's Fire,cmr,Near Mint,English,foil,,2025-01-28 05:32:51.803000,200,False,False,
1,1,Stonefury,cmr,Near Mint,English,foil,,2025-01-28 05:32:51.803000,203,False,False,
1,1,Sudden Breakthrough,stx,Near Mint,English,foil,,2025-01-28 05:32:51.803000,116,False,False,
1,1,Tilonalli's Crown,rix,Near Mint,English,foil,,2025-01-28 05:32:51.803000,120,False,False,
1,1,Tormenting Voice,znr,Near Mint,English,foil,,2025-01-28 05:32:51.803000,172,False,False,
1,1,Umezawa's Jitte,sld,Near Mint,English,foil,,2025-01-28 05:32:51.803000,1288,False,False,
1,1,Utvara Hellkite,sld,Near Mint,English,foil,,2025-01-28 05:32:51.803000,1273,False,False,
1,1,Volcanic Torrent,cmr,Near Mint,English,foil,,2025-01-28 05:32:51.803000,208,False,False,
1,1,Vow of Lightning,cmr,Near Mint,English,foil,,2025-01-28 05:32:51.803000,209,False,False,
1,1,Ahn-Crop Invader,war,Near Mint,English,foil,,2025-01-28 05:32:30.407000,113,False,False,
1,1,Basalt Gargoyle,tsr,Near Mint,English,foil,,2025-01-28 05:32:30.407000,153,False,False,
3,3,Basalt Ravager,khm,Near Mint,English,foil,,2025-01-28 05:32:30.407000,122,False,False,
1,1,Battle-Rattle Shaman,2xm,Near Mint,English,foil,,2025-01-28 05:32:30.407000,116,False,False,
2,2,Blood Aspirant,thb,Near Mint,English,foil,,2025-01-28 05:32:30.407000,128,False,False,
2,2,Boarding Party,cmr,Near Mint,English,foil,,2025-01-28 05:32:30.407000,163,False,False,
7,7,Brazen Freebooter,cmr,Near Mint,English,foil,,2025-01-28 05:32:30.407000,164,False,False,
2,2,Champion of the Flame,cmr,Near Mint,English,foil,,2025-01-28 05:32:30.407000,167,False,False,
1,1,Coal Stoker,tsr,Near Mint,English,foil,,2025-01-28 05:32:30.407000,159,False,False,
2,2,Coastline Marauders,cmr,Near Mint,English,foil,,2025-01-28 05:32:30.407000,168,False,False,
2,2,Craven Hulk,khm,Near Mint,English,foil,,2025-01-28 05:32:30.407000,127,False,False,
10,10,Doomskar Titan,khm,Near Mint,English,foil,,2025-01-28 05:32:30.407000,130,False,False,
3,3,Dragon Mantle,cmr,Near Mint,English,foil,,2025-01-28 05:32:30.407000,174,False,False,
7,7,Dreamstalker Manticore,thb,Near Mint,English,foil,,2025-01-28 05:32:30.407000,131,False,False,
4,4,Dwarven Hammer,khm,Near Mint,English,foil,,2025-01-28 05:32:30.407000,133,False,False,
6,6,Escape Velocity,thb,Near Mint,English,foil,,2025-01-28 05:32:30.407000,132,False,False,
2,2,Fateful End,thb,Near Mint,English,foil,,2025-01-28 05:32:30.407000,133,False,False,
2,2,Fathom Fleet Swordjack,cmr,Near Mint,English,foil,,2025-01-28 05:32:30.407000,177,False,False,
11,11,Fearless Liberator,khm,Near Mint,English,foil,,2025-01-28 05:32:30.407000,135,False,False,
2,2,Ferocious Tigorilla,iko,Near Mint,English,foil,,2025-01-28 05:32:30.407000,115,False,False,
1,1,Firemaw Kavu,tsr,Near Mint,English,foil,,2025-01-28 05:32:30.407000,163,False,False,
1,1,Fissure Wizard,znr,Near Mint,English,foil,,2025-01-28 05:32:30.407000,140,False,False,
1,1,Font of Ire,jou,Near Mint,English,foil,,2025-01-28 05:32:30.407000,97,False,False,
2,2,Forbidden Friendship,iko,Near Mint,English,foil,,2025-01-28 05:32:30.407000,119,False,False,
8,8,Frenzied Raider,khm,Near Mint,English,foil,,2025-01-28 05:32:30.407000,137,False,False,
1,1,Frenzied Raptor,iko,Near Mint,English,foil,,2025-01-28 05:32:30.407000,120,False,False,
1,1,Frenzied Saddlebrute,cmr,Near Mint,English,foil,,2025-01-28 05:32:30.407000,180,False,False,
1,1,Fuming Effigy,stx,Near Mint,English,foil,,2025-01-28 05:32:30.407000,103,False,False,
1,1,Furnace Celebration,cmr,Near Mint,English,foil,,2025-01-28 05:32:30.407000,181,False,False,
1,1,Furnace Whelp,ima,Near Mint,English,foil,,2025-01-28 05:32:30.407000,129,False,False,
1,1,Furor of the Bitten,m21,Near Mint,English,foil,,2025-01-28 05:32:30.407000,145,False,False,
2,2,Gluttonous Cyclops,jou,Near Mint,English,foil,,2025-01-28 05:32:30.407000,99,False,False,
4,4,Goblin Trailblazer,cmr,Near Mint,English,foil,,2025-01-28 05:32:30.407000,182,False,False,
4,4,Heroes of the Revel,thb,Near Mint,English,,,2025-01-28 05:32:30.407000,138,False,False,
3,3,Immersturm Raider,khm,Near Mint,English,foil,,2025-01-28 05:32:30.407000,141,False,False,
2,2,Impending Doom,thb,Near Mint,English,foil,,2025-01-28 05:32:30.407000,139,False,False,
1,1,Invading Manticore,war,Near Mint,English,foil,,2025-01-28 05:32:30.407000,134,False,False,
1,1,Makeshift Munitions,cmr,Near Mint,English,foil,,2025-01-28 05:32:30.407000,191,False,False,
1,1,Needlepeak Spider,tsr,Near Mint,English,foil,,2025-01-28 05:32:30.407000,177,False,False,
1,1,Nightbird's Clutches,isd,Good (Lightly Played),English,foil,,2025-01-28 05:32:30.407000,154,False,False,
5,5,Nyxborn Brute,thb,Near Mint,English,foil,,2025-01-28 05:32:30.407000,144,False,False,
1,1,Pillardrop Warden,stx,Near Mint,English,foil,,2025-01-28 05:32:30.407000,112,False,False,
1,1,Portent of Betrayal,cmr,Near Mint,English,foil,,2025-01-28 05:32:30.407000,194,False,False,
11,11,Provoke the Trolls,khm,Near Mint,English,foil,,2025-01-28 05:32:30.407000,144,False,False,
1,1,Pyroclastic Hellion,znr,Near Mint,English,foil,,2025-01-28 05:32:30.407000,152,False,False,
1,1,Reckless Wurm,tsr,Near Mint,English,foil,,2025-01-28 05:32:30.407000,181,False,False,
2,2,Redcap Raiders,eld,Near Mint,English,foil,,2025-01-28 05:32:30.407000,136,False,False,
2,2,Ripscale Predator,cmr,Near Mint,English,foil,,2025-01-28 05:32:30.407000,196,False,False,
4,4,Rummaging Goblin,cmr,Near Mint,English,foil,,2025-01-28 05:32:30.407000,198,False,False,
1,1,See Red,rix,Near Mint,English,foil,,2025-01-28 05:32:30.407000,112,False,False,
1,1,Sigiled Skink,jou,Near Mint,English,foil,,2025-01-28 05:32:30.407000,111,False,False,
1,1,Skirk Shaman,tsr,Near Mint,English,foil,,2025-01-28 05:32:30.407000,191,False,False,
1,1,Skophos Maze-Warden,thb,Near Mint,English,foil,,2025-01-28 05:32:30.407000,153,False,False,
3,3,Sparktongue Dragon,cmr,Near Mint,English,foil,,2025-01-28 05:32:30.407000,202,False,False,
1,1,Spitfire Lagac,znr,Near Mint,English,foil,,2025-01-28 05:32:30.407000,167,False,False,
1,1,Spontaneous Artist,kld,Near Mint,English,foil,,2025-01-28 05:32:30.407000,134,False,False,
1,1,Stingscourger,tsr,Near Mint,English,foil,,2025-01-28 05:32:30.407000,192,False,False,
2,2,Stonefury,cmr,Near Mint,English,foil,,2025-01-28 05:32:30.407000,203,False,False,
2,2,Storm Entity,tsr,Near Mint,English,foil,,2025-01-28 05:32:30.407000,193,False,False,
1,1,Swaggering Corsair,rix,Near Mint,English,foil,,2025-01-28 05:32:30.407000,119,False,False,
1,1,Teeterpeak Ambusher,znr,Near Mint,English,foil,,2025-01-28 05:32:30.407000,169,False,False,
1,1,Thopter Engineer,2xm,Near Mint,English,foil,,2025-01-28 05:32:30.407000,147,False,False,
1,1,Tome Shredder,stx,Near Mint,English,foil,,2025-01-28 05:32:30.407000,117,False,False,
6,6,Underworld Fires,thb,Near Mint,English,foil,,2025-01-28 05:32:30.407000,162,False,False,
2,2,Valakut Invoker,cmr,Near Mint,English,foil,,2025-01-28 05:32:30.407000,206,False,False,
1,1,Vault Robber,khm,Near Mint,English,foil,,2025-01-28 05:32:30.407000,158,False,False,
1,1,Weaselback Redcap,eld,Near Mint,English,foil,,2025-01-28 05:32:30.407000,148,False,False,
1,1,Wild Celebrants,cmr,Near Mint,English,foil,,2025-01-28 05:32:30.407000,212,False,False,
1,1,"Bruna, the Fading Light",sld,Near Mint,English,,,2025-01-28 05:32:17.280000,1388,False,False,
1,1,"Éowyn, Shieldmaiden",ltc,Near Mint,English,etched,,2025-01-28 05:32:17.280000,81,False,False,
1,1,"Frodo, Adventurous Hobbit",ltc,Near Mint,English,etched,,2025-01-28 05:32:17.280000,82,False,False,
1,1,"Galadriel, Elven-Queen",ltc,Near Mint,English,etched,,2025-01-28 05:32:17.280000,83,False,False,
1,1,"Gisela, the Broken Blade",sld,Near Mint,English,,,2025-01-28 05:32:17.280000,1387,False,False,
1,1,Nalia de'Arnise,clb,Near Mint,English,etched,,2025-01-28 05:32:17.280000,934,False,False,
1,1,"Pantlaza, Sun-Favored",lcc,Near Mint,English,etched,,2025-01-28 05:32:17.280000,124,False,False,
1,1,"Sauron, Lord of the Rings",ltc,Near Mint,English,etched,,2025-01-28 05:32:17.280000,84,False,False,
1,1,"Urza, Chief Artificer",brc,Near Mint,English,etched,,2025-01-28 05:32:17.280000,40,False,False,
1,1,"Zhulodok, Void Gorger",cmm,Near Mint,English,etched,,2025-01-28 05:32:17.280000,779,False,False,
1,1,"Alirios, Enraptured",thb,Near Mint,English,foil,,2025-01-28 05:32:00.743000,42,False,False,
1,1,Aqueous Form,cmr,Near Mint,English,foil,,2025-01-28 05:32:00.743000,56,False,False,
1,1,Arcane Subtraction,stx,Near Mint,English,foil,,2025-01-28 05:32:00.743000,36,False,False,
10,10,Avalanche Caller,khm,Near Mint,English,foil,,2025-01-28 05:32:00.743000,45,False,False,
4,4,Aven Surveyor,cmr,Near Mint,English,foil,,2025-01-28 05:32:00.743000,57,False,False,
1,1,Bonded Fetch,tsr,Near Mint,English,foil,,2025-01-28 05:32:00.743000,54,False,False,
1,1,"Callaphe, Beloved of the Sea",thb,Near Mint,English,foil,,2025-01-28 05:32:00.743000,45,False,False,
11,11,"Callaphe, Beloved of the Sea",thb,Near Mint,English,foil,,2025-01-28 05:32:00.743000,260,False,False,
1,1,Crashing Tide,rix,Near Mint,English,foil,,2025-01-28 05:32:00.743000,34,False,False,
1,1,Crookclaw Transmuter,tsr,Near Mint,English,foil,,2025-01-28 05:32:00.743000,59,False,False,
3,3,Deranged Assistant,cmr,Near Mint,English,foil,,2025-01-28 05:32:00.743000,65,False,False,
1,1,Doorkeeper,rtr,Near Mint,English,foil,,2025-01-28 05:32:00.743000,37,False,False,
2,2,Drifter il-Dal,tsr,Near Mint,English,foil,,2025-01-28 05:32:00.743000,65,False,False,
3,3,Eidolon of Philosophy,thb,Near Mint,English,foil,,2025-01-28 05:32:00.743000,48,False,False,
1,1,Erratic Mutation,tsr,Near Mint,English,foil,,2025-01-28 05:32:00.743000,67,False,False,
2,2,Fathom Seer,tsr,Near Mint,English,foil,,2025-01-28 05:32:00.743000,68,False,False,
1,1,Frost Augur,khm,Near Mint,English,foil,,2025-01-28 05:32:00.743000,56,False,False,
8,8,Frostpyre Arcanist,khm,Near Mint,English,foil,,2025-01-28 05:32:00.743000,58,False,False,
2,2,Galestrike,cmr,Near Mint,English,foil,,2025-01-28 05:32:00.743000,70,False,False,
2,2,Godhunter Octopus,jou,Near Mint,English,foil,,2025-01-28 05:32:00.743000,39,False,False,
1,1,Jace's Defeat,hou,Near Mint,English,foil,,2025-01-28 05:32:00.743000,38,False,False,
2,2,Jodah's Avenger,tsr,Near Mint,English,foil,,2025-01-28 05:32:00.743000,72,False,False,
2,2,Kitesail Corsair,cmr,Near Mint,English,foil,,2025-01-28 05:32:00.743000,76,False,False,
1,1,Kitesail Skirmisher,cmr,Near Mint,English,foil,,2025-01-28 05:32:00.743000,77,False,False,
1,1,Kraken Hatchling,mm3,Near Mint,English,foil,,2025-01-28 05:32:00.743000,42,False,False,
1,1,Merchant Raiders,cmr,Near Mint,English,foil,,2025-01-28 05:32:00.743000,81,False,False,
1,1,Moonlit Scavengers,eld,Near Mint,English,foil,,2025-01-28 05:32:00.743000,57,False,False,
1,1,One with the Stars,thb,Near Mint,English,foil,,2025-01-28 05:32:00.743000,59,False,False,
1,1,Pop Quiz,stx,Near Mint,English,foil,,2025-01-28 05:32:00.743000,49,False,False,
1,1,Prosperous Pirates,cmr,Near Mint,English,foil,,2025-01-28 05:32:00.743000,85,False,False,
1,1,Prying Eyes,cmr,Near Mint,English,foil,,2025-01-28 05:32:00.743000,86,False,False,
1,1,Queen of Ice // Rage of Winter,eld,Near Mint,English,foil,,2025-01-28 05:32:00.743000,61,False,False,
1,1,Relentless Advance,war,Near Mint,English,foil,,2025-01-28 05:32:00.743000,64,False,False,
1,1,Riptide Pilferer,tsr,Near Mint,English,foil,,2025-01-28 05:32:00.743000,83,False,False,
1,1,Roost of Drakes,znr,Near Mint,English,foil,,2025-01-28 05:32:00.743000,74,False,False,
1,1,Run Away Together,cmr,Near Mint,English,foil,,2025-01-28 05:32:00.743000,87,False,False,
3,3,Rune of Flight,khm,Near Mint,English,foil,,2025-01-28 05:32:00.743000,75,False,False,
1,1,Sage of Mysteries,thb,Near Mint,English,foil,,2025-01-28 05:32:00.743000,62,False,False,
1,1,Sailor of Means,cmr,Near Mint,English,foil,,2025-01-28 05:32:00.743000,88,False,False,
2,2,Sailor of Means,rix,Near Mint,English,foil,,2025-01-28 05:32:00.743000,49,False,False,
1,1,Sarcomite Myr,tsr,Near Mint,English,foil,,2025-01-28 05:32:00.743000,84,False,False,
4,4,Scrapdiver Serpent,cmr,Near Mint,English,foil,,2025-01-28 05:32:00.743000,94,False,False,
2,2,Sea God's Scorn,thb,Near Mint,English,foil,,2025-01-28 05:32:00.743000,63,False,False,
2,2,Sea Legs,rix,Near Mint,English,foil,,2025-01-28 05:32:00.743000,50,False,False,
6,6,Shoal Kraken,thb,Near Mint,English,foil,,2025-01-28 05:32:00.743000,65,False,False,
1,1,Slipstream Serpent,tsr,Near Mint,English,foil,,2025-01-28 05:32:00.743000,86,False,False,
1,1,Stealth Mission,war,Near Mint,English,foil,,2025-01-28 05:32:00.743000,70,False,False,
2,2,Stormcloud Djinn,tsr,Near Mint,English,foil,,2025-01-28 05:32:00.743000,90,False,False,
2,2,Strategic Planning,cmr,Near Mint,English,foil,,2025-01-28 05:32:00.743000,101,False,False,
1,1,Thassa's Emissary,ths,Near Mint,English,foil,,2025-01-28 05:32:00.743000,68,False,False,
1,1,Tolarian Sentinel,tsr,Near Mint,English,foil,,2025-01-28 05:32:00.743000,94,False,False,
1,1,Totally Lost,war,Near Mint,English,foil,,2025-01-28 05:32:00.743000,74,False,False,
2,2,Triton Fortune Hunter,ths,Near Mint,English,foil,,2025-01-28 05:32:00.743000,69,False,False,
2,2,Triton Shorethief,ths,Near Mint,English,foil,,2025-01-28 05:32:00.743000,70,False,False,
4,4,Trove Tracker,cmr,Near Mint,English,foil,,2025-01-28 05:32:00.743000,104,False,False,
1,1,Vaporkin,ths,Near Mint,English,foil,,2025-01-28 05:32:00.743000,72,False,False,
2,2,Wavecrash Triton,ths,Near Mint,English,foil,,2025-01-28 05:32:00.743000,74,False,False,
1,1,Whirlwind Denial,thb,Near Mint,English,foil,,2025-01-28 05:32:00.743000,81,False,False,
2,2,Aggressive Urge,rix,Near Mint,English,foil,,2025-01-28 05:31:41.420000,122,False,False,
6,6,Ambush Viper,cmr,Near Mint,English,foil,,2025-01-28 05:31:41.420000,213,False,False,
5,5,Ancient Animus,cmr,Near Mint,English,foil,,2025-01-28 05:31:41.420000,215,False,False,
3,3,Annoyed Altisaur,cmr,Near Mint,English,foil,,2025-01-28 05:31:41.420000,216,False,False,
1,1,Curious Pair // Treats to Share,eld,Near Mint,English,foil,,2025-01-28 05:31:41.420000,150,False,False,
10,10,Elven Bow,khm,Near Mint,English,foil,,2025-01-28 05:31:41.420000,166,False,False,
1,1,Enlarge,2xm,Near Mint,English,foil,,2025-01-28 05:31:41.420000,166,False,False,
1,1,Exemplar of Strength,akh,Near Mint,English,foil,,2025-01-28 05:31:41.420000,165,False,False,
1,1,Farseek,m13,Near Mint,English,,,2025-01-28 05:31:41.420000,170,False,False,
2,2,Fin-Clade Fugitives,cmr,Near Mint,English,foil,,2025-01-28 05:31:41.420000,227,False,False,
1,1,Flaxen Intruder // Welcome Home,eld,Near Mint,English,foil,,2025-01-28 05:31:41.420000,155,False,False,
1,1,Garenbrig Paladin,eld,Near Mint,English,foil,,2025-01-28 05:31:41.420000,157,False,False,
1,1,Giant Dustwasp,tsr,Near Mint,English,foil,,2025-01-28 05:31:41.420000,206,False,False,
1,1,Giltgrove Stalker,rix,Near Mint,English,foil,,2025-01-28 05:31:41.420000,131,False,False,
1,1,Gnottvold Recluse,khm,Near Mint,English,foil,,2025-01-28 05:31:41.420000,172,False,False,
1,1,Hardy Veteran,rix,Near Mint,English,foil,,2025-01-28 05:31:41.420000,132,False,False,
1,1,Horizon Seeker,khm,Near Mint,English,foil,,2025-01-28 05:31:41.420000,175,False,False,
1,1,Imperiosaur,tsr,Near Mint,English,foil,,2025-01-28 05:31:41.420000,211,False,False,
1,1,Khalni Heart Expedition,zen,Good (Lightly Played),English,,,2025-01-28 05:31:41.420000,167,False,False,
1,1,Klothys's Design,thb,Near Mint,English,foil,,2025-01-28 05:31:41.420000,176,False,False,
2,2,Lifecrafter's Gift,cmr,Near Mint,English,foil,,2025-01-28 05:31:41.420000,240,False,False,
5,5,Littjara Glade-Warden,khm,Near Mint,English,foil,,2025-01-28 05:31:41.420000,182,False,False,
1,1,Might of Murasa,znr,Near Mint,English,foil,,2025-01-28 05:31:41.420000,194,False,False,
1,1,Might of the Masses,2xm,Near Mint,English,foil,,2025-01-28 05:31:41.420000,176,False,False,
1,1,Molder Beast,cmr,Near Mint,English,foil,,2025-01-28 05:31:41.420000,243,False,False,
1,1,Monstrous Onslaught,cmr,Near Mint,English,foil,,2025-01-28 05:31:41.420000,244,False,False,
1,1,Murasa Sproutling,znr,Near Mint,English,foil,,2025-01-28 05:31:41.420000,196,False,False,
2,2,Nantuko Shaman,tsr,Near Mint,English,foil,,2025-01-28 05:31:41.420000,221,False,False,
2,2,Naturalize,rix,Near Mint,English,foil,,2025-01-28 05:31:41.420000,139,False,False,
2,2,Nessian Hornbeetle,thb,Near Mint,English,foil,,2025-01-28 05:31:41.420000,182,False,False,
1,1,Nissa's Zendikon,znr,Near Mint,English,foil,,2025-01-28 05:31:41.420000,197,False,False,
1,1,Noose Constrictor,f17,Near Mint,English,foil,,2025-01-28 05:31:41.420000,1,False,False,
1,1,Nyx Herald,thb,Near Mint,English,foil,,2025-01-28 05:31:41.420000,189,False,False,
1,1,Ordeal of Nylea,cmr,Near Mint,English,foil,,2025-01-28 05:31:41.420000,247,False,False,
1,1,Overgrown Armasaur,rix,Near Mint,English,foil,,2025-01-28 05:31:41.420000,141,False,False,
6,6,Pheres-Band Brawler,thb,Near Mint,English,foil,,2025-01-28 05:31:41.420000,193,False,False,
1,1,Plummet,mm2,Near Mint,English,foil,,2025-01-28 05:31:41.420000,155,False,False,
3,3,Plummet,rix,Near Mint,English,foil,,2025-01-28 05:31:41.420000,143,False,False,
1,1,Rabid Bite,znr,Near Mint,English,foil,,2025-01-28 05:31:41.420000,199,False,False,
1,1,Reflex Sliver,tsr,Near Mint,English,foil,,2025-01-28 05:31:41.420000,226,False,False,
15,15,Rootless Yew,khm,Near Mint,English,foil,,2025-01-28 05:31:41.420000,189,False,False,
1,1,Rune of Might,khm,Near Mint,English,foil,,2025-01-28 05:31:41.420000,191,False,False,
1,1,Saddleback Lagac,ogw,Near Mint,English,foil,,2025-01-28 05:31:41.420000,142,False,False,
3,3,Scaled Behemoth,cmr,Near Mint,English,foil,,2025-01-28 05:31:41.420000,251,False,False,
3,3,Scrounging Bandar,cmr,Near Mint,English,foil,,2025-01-28 05:31:41.420000,252,False,False,
2,2,Sentinel Spider,cmr,Near Mint,English,foil,,2025-01-28 05:31:41.420000,253,False,False,
2,2,Sifter Wurm,cmr,Near Mint,English,foil,,2025-01-28 05:31:41.420000,254,False,False,
7,7,Silverback Shaman,cmr,Near Mint,English,foil,,2025-01-28 05:31:41.420000,255,False,False,
4,4,Soul's Might,cmr,Near Mint,English,foil,,2025-01-28 05:31:41.420000,257,False,False,
7,7,Spirit of the Aldergard,khm,Near Mint,English,foil,,2025-01-28 05:31:41.420000,195,False,False,
1,1,Sporoloth Ancient,tsr,Near Mint,English,foil,,2025-01-28 05:31:41.420000,232,False,False,
1,1,Springmane Cervin,stx,Near Mint,English,foil,,2025-01-28 05:31:41.420000,144,False,False,
1,1,Stingerfling Spider,cmr,Near Mint,English,foil,,2025-01-28 05:31:41.420000,258,False,False,
1,1,Strength in Numbers,tsr,Near Mint,English,foil,,2025-01-28 05:31:41.420000,233,False,False,
2,2,Sultai Flayer,ima,Near Mint,English,foil,,2025-01-28 05:31:41.420000,186,False,False,
1,1,Sylvan Scrying,bfz,Good (Lightly Played),English,,,2025-01-28 05:31:41.420000,192,False,False,
1,1,Tangletrap,stx,Near Mint,English,foil,,2025-01-28 05:31:41.420000,145,False,False,
1,1,Thrill of the Hunt,tsr,Near Mint,English,foil,,2025-01-28 05:31:41.420000,241,False,False,
1,1,Tromp the Domains,tsr,Near Mint,English,foil,,2025-01-28 05:31:41.420000,242,False,False,
2,2,Tuinvale Treefolk // Oaken Boon,eld,Near Mint,English,foil,,2025-01-28 05:31:41.420000,180,False,False,
2,2,Turntimber Ascetic,znr,Near Mint,English,foil,,2025-01-28 05:31:41.420000,214,False,False,
1,1,Uktabi Drake,tsr,Near Mint,English,foil,,2025-01-28 05:31:41.420000,243,False,False,
1,1,Utopia Vow,tsr,Near Mint,English,foil,,2025-01-28 05:31:41.420000,245,False,False,
1,1,Wildsize,cmr,Near Mint,English,foil,,2025-01-28 05:31:41.420000,264,False,False,
1,1,Agonizing Remorse,thb,Near Mint,English,foil,,2025-01-28 05:31:21.173000,83,False,False,
2,2,Assassinate,tsr,Near Mint,English,foil,,2025-01-28 05:31:21.173000,101,False,False,
1,1,Bake into a Pie,eld,Near Mint,English,foil,,2025-01-28 05:31:21.173000,76,False,False,
5,5,Bitter Revelation,cmr,Near Mint,English,foil,,2025-01-28 05:31:21.173000,109,False,False,
1,1,Blackbloom Rogue // Blackbloom Bog,znr,Near Mint,English,foil,,2025-01-28 05:31:21.173000,91,False,False,
1,1,Bladebrand,cmr,Near Mint,English,foil,,2025-01-28 05:31:21.173000,110,False,False,
5,5,Bloodsky Berserker,khm,Near Mint,English,foil,,2025-01-28 05:31:21.173000,80,False,False,
2,2,Bone Picker,2xm,Near Mint,English,foil,,2025-01-28 05:31:21.173000,78,False,False,
1,1,Briarblade Adept,cmr,Near Mint,English,foil,,2025-01-28 05:31:21.173000,111,False,False,
1,1,Cavern Lampad,ths,Near Mint,English,foil,,2025-01-28 05:31:21.173000,81,False,False,
4,4,Corpse Churn,cmr,Near Mint,English,foil,,2025-01-28 05:31:21.173000,113,False,False,
1,1,Costly Plunder,2xm,Near Mint,English,foil,,2025-01-28 05:31:21.173000,80,False,False,
1,1,Crippling Blight,m13,Near Mint,English,foil,,2025-01-28 05:31:21.173000,85,False,False,
1,1,Cutthroat il-Dal,tsr,Near Mint,English,foil,,2025-01-28 05:31:21.173000,105,False,False,
1,1,Dark Inquiry,rix,Near Mint,English,foil,,2025-01-28 05:31:21.173000,65,False,False,
1,1,Dark Withering,tsr,Near Mint,English,foil,,2025-01-28 05:31:21.173000,107,False,False,
1,1,Davriel's Shadowfugue,war,Near Mint,English,foil,,2025-01-28 05:31:21.173000,84,False,False,
2,2,Deadly Grub,tsr,Near Mint,English,foil,,2025-01-28 05:31:21.173000,108,False,False,
1,1,Deathknell Berserker,khm,Near Mint,English,foil,,2025-01-28 05:31:21.173000,83,False,False,
1,1,Deepcavern Imp,tsr,Near Mint,English,foil,,2025-01-28 05:31:21.173000,110,False,False,
1,1,Defiant Salvager,2xm,Near Mint,English,foil,,2025-01-28 05:31:21.173000,83,False,False,
1,1,Defiant Salvager,cmr,Near Mint,English,foil,,2025-01-28 05:31:21.173000,117,False,False,
2,2,Dhund Operative,cmr,Near Mint,English,foil,,2025-01-28 05:31:21.173000,119,False,False,
1,1,Dinosaur Hunter,rix,Near Mint,English,foil,,2025-01-28 05:31:21.173000,67,False,False,
1,1,Drana's Silencer,znr,Near Mint,English,foil,,2025-01-28 05:31:21.173000,99,False,False,
5,5,Draugr's Helm,khm,Near Mint,English,foil,,2025-01-28 05:31:21.173000,88,False,False,
1,1,Dreadwurm,znr,Near Mint,English,,,2025-01-28 05:31:21.173000,297,False,False,
2,2,Driver of the Dead,2xm,Near Mint,English,foil,,2025-01-28 05:31:21.173000,90,False,False,
2,2,Dunerider Outlaw,tsr,Near Mint,English,foil,,2025-01-28 05:31:21.173000,112,False,False,
1,1,Dusk Charger,rix,Near Mint,English,foil,,2025-01-28 05:31:21.173000,69,False,False,
1,1,Duskmantle Operative,war,Near Mint,English,foil,,2025-01-28 05:31:21.173000,88,False,False,
1,1,Enslave,tsr,Near Mint,English,foil,,2025-01-28 05:31:21.173000,113,False,False,
1,1,Essence Infusion,stx,Near Mint,English,foil,,2025-01-28 05:31:21.173000,69,False,False,
4,4,Exquisite Huntmaster,cmr,Near Mint,English,foil,,2025-01-28 05:31:21.173000,122,False,False,
4,4,Eyeblight Assassin,cmr,Near Mint,English,foil,,2025-01-28 05:31:21.173000,123,False,False,
3,3,Eyeblight Cullers,cmr,Near Mint,English,foil,,2025-01-28 05:31:21.173000,124,False,False,
2,2,Eyeblight Massacre,cmr,Near Mint,English,foil,,2025-01-28 05:31:21.173000,125,False,False,
2,2,Faceless Devourer,tsr,Near Mint,English,foil,,2025-01-28 05:31:21.173000,115,False,False,
1,1,Feast of Dreams,jou,Near Mint,English,foil,,2025-01-28 05:31:21.173000,69,False,False,
3,3,Feebleness,tsr,Near Mint,English,foil,,2025-01-28 05:31:21.173000,116,False,False,
1,1,Feed the Serpent,khm,Near Mint,English,foil,,2025-01-28 05:31:21.173000,95,False,False,
1,1,Gilt-Leaf Winnower,cmr,Near Mint,English,foil,,2025-01-28 05:31:21.173000,130,False,False,
1,1,Gorgon Recluse,tsr,Near Mint,English,foil,,2025-01-28 05:31:21.173000,117,False,False,
1,1,Grave Scrabbler,tsr,Near Mint,English,foil,,2025-01-28 05:31:21.173000,118,False,False,
1,1,Gravedigger,ema,Near Mint,English,foil,,2025-01-28 05:31:21.173000,89,False,False,
1,1,Grim Draugr,khm,Near Mint,English,foil,,2025-01-28 05:31:21.173000,96,False,False,
9,9,Hailstorm Valkyrie,khm,Near Mint,English,foil,,2025-01-28 05:31:21.173000,97,False,False,
2,2,Hateful Eidolon,thb,Near Mint,English,foil,,2025-01-28 05:31:21.173000,101,False,False,
1,1,Heartless Pillage,2xm,Near Mint,English,foil,,2025-01-28 05:31:21.173000,96,False,False,
1,1,Highborn Vampire,znr,Near Mint,English,foil,,2025-01-28 05:31:21.173000,107,False,False,
1,1,Ichor Slick,tsr,Near Mint,English,foil,,2025-01-28 05:31:21.173000,119,False,False,
1,1,Inevitable End,thb,Near Mint,English,foil,,2025-01-28 05:31:21.173000,102,False,False,
1,1,Khenra Eternal,hou,Near Mint,English,foil,,2025-01-28 05:31:21.173000,66,False,False,
1,1,Live Fast,kld,Near Mint,English,foil,,2025-01-28 05:31:21.173000,87,False,False,
3,3,Maalfeld Twins,cmr,Near Mint,English,foil,,2025-01-28 05:31:21.173000,132,False,False,
1,1,Malevolent Noble,eld,Near Mint,English,foil,,2025-01-28 05:31:21.173000,95,False,False,
2,2,Mass of Ghouls,tsr,Near Mint,English,foil,,2025-01-28 05:31:21.173000,122,False,False,
1,1,Memory Theft,eld,Near Mint,English,foil,,2025-01-28 05:31:21.173000,96,False,False,
1,1,Mindstab,tsr,Near Mint,English,foil,,2025-01-28 05:31:21.173000,123,False,False,
4,4,Minion's Return,thb,Near Mint,English,foil,,2025-01-28 05:31:21.173000,104,False,False,
5,5,Mogis's Favor,thb,Near Mint,English,foil,,2025-01-28 05:31:21.173000,107,False,False,
1,1,Nezumi Cutthroat,a25,Near Mint,English,foil,,2025-01-28 05:31:21.173000,99,False,False,
2,2,Nightshade Assassin,tsr,Near Mint,English,foil,,2025-01-28 05:31:21.173000,128,False,False,
1,1,Novice Dissector,stx,Near Mint,English,foil,,2025-01-28 05:31:21.173000,79,False,False,
2,2,Noxious Dragon,cmr,Near Mint,English,foil,,2025-01-28 05:31:21.173000,139,False,False,
1,1,Null Caller,cmr,Near Mint,English,foil,,2025-01-28 05:31:21.173000,140,False,False,
3,3,Nyxborn Marauder,thb,Near Mint,English,foil,,2025-01-28 05:31:21.173000,109,False,False,
1,1,Oblivion Strike,ogw,Near Mint,English,foil,,2025-01-28 05:31:21.173000,75,False,False,
1,1,Oblivion's Hunger,znr,Near Mint,English,foil,,2025-01-28 05:31:21.173000,119,False,False,
5,5,Phyrexian Rager,cmr,Near Mint,English,foil,,2025-01-28 05:31:21.173000,142,False,False,
1,1,Pit Keeper,tsr,Near Mint,English,foil,,2025-01-28 05:31:21.173000,130,False,False,
1,1,Psychotic Episode,tsr,Near Mint,English,foil,,2025-01-28 05:31:21.173000,132,False,False,
1,1,Rathi Trapper,tsr,Near Mint,English,foil,,2025-01-28 05:31:21.173000,133,False,False,
2,2,Reaper of Night // Harvest Fear,eld,Near Mint,English,foil,,2025-01-28 05:31:21.173000,102,False,False,
1,1,Recover,rix,Near Mint,English,foil,,2025-01-28 05:31:21.173000,84,False,False,
1,1,Renegade's Getaway,aer,Near Mint,English,foil,,2025-01-28 05:31:21.173000,69,False,False,
3,3,Revenant,cmr,Near Mint,English,foil,,2025-01-28 05:31:21.173000,147,False,False,
2,2,Ridged Kusite,tsr,Near Mint,English,foil,,2025-01-28 05:31:21.173000,134,False,False,
1,1,Rite of the Serpent,ktk,Near Mint,English,foil,,2025-01-28 05:31:21.173000,86,False,False,
1,1,Rotfeaster Maggot,ima,Near Mint,English,foil,,2025-01-28 05:31:21.173000,105,False,False,
1,1,Rotted Hulk,jou,Near Mint,English,foil,,2025-01-28 05:31:21.173000,81,False,False,
1,1,Rune of Mortality,khm,Near Mint,English,foil,,2025-01-28 05:31:21.173000,108,False,False,
1,1,Sangrophage,tsr,Near Mint,English,foil,,2025-01-28 05:31:21.173000,135,False,False,
1,1,Sanitarium Skeleton,cmr,Near Mint,English,foil,,2025-01-28 05:31:21.173000,148,False,False,
1,1,Scourgemark,ths,Near Mint,English,foil,,2025-01-28 05:31:21.173000,105,False,False,
1,1,Silumgar Scavenger,2xm,Near Mint,English,foil,,2025-01-28 05:31:21.173000,105,False,False,
1,1,Skittering Monstrosity,tsr,Near Mint,English,foil,,2025-01-28 05:31:21.173000,137,False,False,
1,1,Specter of the Fens,stx,Near Mint,English,foil,,2025-01-28 05:31:21.173000,87,False,False,
1,1,Splendid Agony,akh,Near Mint,English,foil,,2025-01-28 05:31:21.173000,109,False,False,
1,1,Subtle Strike,znr,Near Mint,English,foil,,2025-01-28 05:31:21.173000,128,False,False,
1,1,Supernatural Stamina,2xm,Near Mint,English,foil,,2025-01-28 05:31:21.173000,108,False,False,
1,1,Toll of the Invasion,war,Near Mint,English,foil,,2025-01-28 05:31:21.173000,108,False,False,
2,2,Trespasser il-Vec,tsr,Near Mint,English,foil,,2025-01-28 05:31:21.173000,147,False,False,
1,1,Twisted Abomination,2xm,Near Mint,English,foil,,2025-01-28 05:31:21.173000,111,False,False,
13,13,"Tymaret, Chosen from Death",thb,Near Mint,English,foil,,2025-01-28 05:31:21.173000,263,False,False,
2,2,"Tymaret, Chosen from Death",thb,Near Mint,English,foil,,2025-01-28 05:31:21.173000,119,False,False,
2,2,Ultimate Price,f15,Near Mint,English,foil,,2025-01-28 05:31:21.173000,10,False,False,
2,2,Vow of Torment,cmr,Near Mint,English,foil,,2025-01-28 05:31:21.173000,159,False,False,
2,2,Wicked Guardian,eld,Near Mint,English,foil,,2025-01-28 05:31:21.173000,109,False,False,
1,1,Zof Shade,m15,Near Mint,English,foil,,2025-01-28 05:31:21.173000,125,False,False,
1,1,Reclamation Sage,sld,Near Mint,English,foil,,2025-01-28 04:53:46.570000,777,False,False,
1,1,Tuvasa the Sunlit,sld,Near Mint,English,foil,,2025-01-28 04:52:57.443000,1328,False,False,
1,1,"Estrid, the Masked",sld,Near Mint,English,foil,,2025-01-28 04:52:07.777000,1327,False,False,
1,1,Steely Resolve,sld,Near Mint,English,foil,,2025-01-28 04:50:57.500000,1326,False,False,
1,1,Estrid's Invocation,sld,Near Mint,English,foil,,2025-01-28 04:50:03.893000,1325,False,False,
1,1,Viridian Shaman,sld,Near Mint,English,foil,,2025-01-28 04:48:40.973000,782,False,False,
1,1,Teferi's Ageless Insight,sld,Near Mint,English,foil,,2025-01-28 04:48:25.183000,1721,False,False,
1,1,Sphinx of the Second Sun,sld,Near Mint,English,foil,,2025-01-28 04:48:09.570000,1720,False,False,
1,1,Preordain,sld,Near Mint,English,foil,,2025-01-28 04:47:52.973000,1719,False,False,
1,1,Back to Basics,sld,Near Mint,English,foil,,2025-01-28 04:47:36.190000,1718,False,False,
1,1,Acererak the Archlich,sld,Near Mint,English,foil,,2025-01-28 04:14:48.903000,1784,False,False,
2,2,Agate Assault,blb,Near Mint,English,,,2025-01-28 04:14:48.903000,122,False,False,
1,1,Agent of the Shadow Thieves,clb,Near Mint,English,foil,,2025-01-28 04:14:48.903000,108,False,False,
1,1,Arcane Signet,sld,Near Mint,English,foil,,2025-01-28 04:14:48.903000,1492★,False,False,
1,1,Artist's Talent,blb,Near Mint,English,,,2025-01-28 04:14:48.903000,124,False,False,
1,1,"Baba Lysaga, Night Witch",clb,Near Mint,English,foil,,2025-01-28 04:14:48.903000,266,False,False,
1,1,Back to Nature,m11,Near Mint,English,,,2025-01-28 04:14:48.903000,164,False,False,
1,1,Bakersbane Duo,blb,Near Mint,English,,,2025-01-28 04:14:48.903000,163,False,False,
2,2,Banishing Light,blb,Near Mint,English,,,2025-01-28 04:14:48.903000,1,False,False,
1,1,Barad-dûr,ltr,Near Mint,English,,,2025-01-28 04:14:48.903000,340,False,False,
1,1,Barkform Harvester,blb,Near Mint,English,,,2025-01-28 04:14:48.903000,243,False,False,
1,1,Bartolomé del Presidio,lci,Near Mint,English,foil,,2025-01-28 04:14:48.903000,301,False,False,
1,1,Beacon of Tomorrows,sld,Near Mint,English,foil,,2025-01-28 04:14:48.903000,1497★,False,False,
1,1,Bellowing Crier,blb,Near Mint,English,foil,,2025-01-28 04:14:48.903000,42,False,False,
1,1,Bellowing Crier,blb,Near Mint,English,,,2025-01-28 04:14:48.903000,42,False,False,
1,1,Bestial Menace,mic,Near Mint,English,,,2025-01-28 04:14:48.903000,134,False,False,
1,1,Bill the Pony,ltr,Near Mint,English,,,2025-01-28 04:14:48.903000,3,False,False,
2,2,Blacksmith's Talent,blb,Near Mint,English,,,2025-01-28 04:14:48.903000,125,False,False,
1,1,Blooming Blast,blb,Near Mint,English,,,2025-01-28 04:14:48.903000,126,False,False,
1,1,Bombadil's Song,ltr,Near Mint,English,foil,,2025-01-28 04:14:48.903000,154,False,False,
1,1,Bombadil's Song,ltr,Near Mint,English,,,2025-01-28 04:14:48.903000,154,False,False,
1,1,Breaker of Creation,mh3,Near Mint,English,,,2025-01-28 04:14:48.903000,1,False,False,
1,1,"Breeches, Eager Pillager",lci,Near Mint,English,,,2025-01-28 04:14:48.903000,294,False,False,
1,1,"Brokkos, Apex of Forever",iko,Near Mint,English,,,2025-01-28 04:14:48.903000,299,False,False,
1,1,Bumbleflower's Sharepot,blb,Near Mint,English,,,2025-01-28 04:14:48.903000,244,False,False,
1,1,Calamitous Tide,blb,Near Mint,English,,,2025-01-28 04:14:48.903000,43,False,False,
1,1,Candlekeep Sage,clb,Near Mint,English,etched,,2025-01-28 04:14:48.903000,482,False,False,
1,1,Cast Down,clb,Near Mint,English,foil,,2025-01-28 04:14:48.903000,119,False,False,
1,1,Chance-Met Elves,ltr,Near Mint,English,,,2025-01-28 04:14:48.903000,157,False,False,
1,1,Command Tower,sld,Near Mint,English,foil,,2025-01-28 04:14:48.903000,1496★,False,False,
1,1,Commander's Sphere,mic,Near Mint,English,,,2025-01-28 04:14:48.903000,159,False,False,
1,1,Corpseberry Cultivator,blb,Near Mint,English,,,2025-01-28 04:14:48.903000,210,False,False,
1,1,Corrupted Shapeshifter,mh3,Near Mint,English,,,2025-01-28 04:14:48.903000,56,False,False,
1,1,Dark Deal,sld,Near Mint,English,foil,,2025-01-28 04:14:48.903000,873,False,False,
1,1,Dazzling Denial,blb,Near Mint,English,,,2025-01-28 04:14:48.903000,45,False,False,
1,1,Defiant Bloodlord,c21,Near Mint,English,,,2025-01-28 04:14:48.903000,142,False,False,
1,1,Dire Downdraft,blb,Near Mint,English,foil,,2025-01-28 04:14:48.903000,46,False,False,
2,2,Dire Downdraft,blb,Near Mint,English,,,2025-01-28 04:14:48.903000,46,False,False,
1,1,Diregraf Ghoul,fdn,Near Mint,English,,,2025-01-28 04:14:48.903000,171,False,False,
1,1,Diresight,blb,Near Mint,English,,,2025-01-28 04:14:48.903000,91,False,False,
1,1,Double-Faced Substitute Card,smh3,Near Mint,English,,,2025-01-28 04:14:48.903000,1,False,False,
1,1,Dour Port-Mage,blb,Near Mint,English,,,2025-01-28 04:14:48.903000,47,False,False,
1,1,Downwind Ambusher,blb,Near Mint,English,,,2025-01-28 04:14:48.903000,92,False,False,
1,1,Driftgloom Coyote,blb,Near Mint,English,,,2025-01-28 04:14:48.903000,11,False,False,
1,1,Eagles of the North,ltr,Near Mint,English,,,2025-01-28 04:14:48.903000,7,False,False,
1,1,East-Mark Cavalier,ltr,Near Mint,English,,,2025-01-28 04:14:48.903000,9,False,False,
1,1,Elfsworn Giant,fdn,Near Mint,English,,,2025-01-28 04:14:48.903000,103,False,False,
1,1,Elven Farsight,ltr,Near Mint,English,,,2025-01-28 04:14:48.903000,161,False,False,
1,1,Elvish Vanguard,sld,Near Mint,English,foil,,2025-01-28 04:14:48.903000,762,False,False,
1,1,"Éowyn, Lady of Rohan",ltr,Near Mint,English,,,2025-01-28 04:14:48.903000,10,False,False,
1,1,Erebor Flamesmith,ltr,Near Mint,English,,,2025-01-28 04:14:48.903000,122,False,False,
1,1,Esquire of the King,ltr,Near Mint,English,,,2025-01-28 04:14:48.903000,13,False,False,
1,1,Essence Sliver,sld,Near Mint,English,foil,,2025-01-28 04:14:48.903000,612,False,False,
1,1,Eternal Witness,p30a,Near Mint,English,foil,,2025-01-28 04:14:48.903000,12,False,False,
1,1,Faerie,tfdn,Near Mint,English,,,2025-01-28 04:14:48.903000,9,False,False,
1,1,Faithless Looting,sld,Near Mint,English,foil,,2025-01-28 04:14:48.903000,1779,False,False,
1,1,"Feather, the Redeemed",war,Near Mint,English,,,2025-01-28 04:14:48.903000,197,False,False,
1,1,Fell the Mighty,sld,Near Mint,English,foil,,2025-01-28 04:14:48.903000,1778,False,False,
1,1,Finch Formation,blb,Near Mint,English,foil,,2025-01-28 04:14:48.903000,50,False,False,
1,1,Fire of Orthanc,ltr,Near Mint,English,,,2025-01-28 04:14:48.903000,127,False,False,
2,2,Flamecache Gecko,blb,Near Mint,English,,,2025-01-28 04:14:48.903000,135,False,False,
1,1,Flare of Cultivation,mh3,Near Mint,English,,,2025-01-28 04:14:48.903000,154,False,False,
1,1,Fog on the Barrow-Downs,ltr,Near Mint,English,,,2025-01-28 04:14:48.903000,16,False,False,
1,1,Foray of Orcs,ltr,Near Mint,English,foil,,2025-01-28 04:14:48.903000,417,False,False,
1,1,Foreboding Landscape,mh3,Near Mint,English,,,2025-01-28 04:14:48.903000,221,False,False,
1,1,Forest,ltr,Near Mint,English,,,2025-01-28 04:14:48.903000,270,False,False,
1,1,Forest,blb,Near Mint,English,,,2025-01-28 04:14:48.903000,279,False,False,
1,1,Forest,eld,Near Mint,English,foil,,2025-01-28 04:14:48.903000,269,False,False,
1,1,Forge Anew,ltr,Near Mint,English,,,2025-01-28 04:14:48.903000,349,False,False,
1,1,Foundry Inspector,brr,Near Mint,English,foil,,2025-01-28 04:14:48.903000,16,False,False,
1,1,Fowl Strike,mh3,Near Mint,English,,,2025-01-28 04:14:48.903000,155,False,False,
1,1,Fowl Strike,mh3,Near Mint,English,foil,,2025-01-28 04:14:48.903000,155,False,False,
1,1,Friendly Rivalry,ltr,Near Mint,English,,,2025-01-28 04:14:48.903000,204,False,False,
1,1,Frodo Baggins,ltr,Near Mint,English,,,2025-01-28 04:14:48.903000,205,False,False,
1,1,"Frodo, Sauron's Bane",ltr,Near Mint,English,foil,,2025-01-28 04:14:48.903000,304,False,False,
1,1,Gimli's Axe,ltr,Near Mint,English,,,2025-01-28 04:14:48.903000,130,False,False,
1,1,Gimli's Fury,ltr,Near Mint,English,,,2025-01-28 04:14:48.903000,131,False,False,
1,1,Glimpse the Impossible,mh3,Near Mint,English,,,2025-01-28 04:14:48.903000,124,False,False,
1,1,"Glorfindel, Dauntless Rescuer",ltr,Near Mint,English,,,2025-01-28 04:14:48.903000,171,False,False,
1,1,Goblin Boarders,fdn,Near Mint,English,,,2025-01-28 04:14:48.903000,87,False,False,
1,1,Goldspan Dragon,sld,Near Mint,English,foil,,2025-01-28 04:14:48.903000,1780,False,False,
1,1,Great Hall of the Citadel,ltr,Near Mint,English,,,2025-01-28 04:14:48.903000,254,False,False,
1,1,Grow from the Ashes,fdn,Near Mint,English,,,2025-01-28 04:14:48.903000,225,False,False,
1,1,Grow from the Ashes,dom,Near Mint,English,foil,,2025-01-28 04:14:48.903000,164,False,False,
1,1,"Gut, True Soul Zealot",clb,Near Mint,English,foil,,2025-01-28 04:14:48.903000,399,False,False,
1,1,Gwaihir the Windlord,ltr,Near Mint,English,,,2025-01-28 04:14:48.903000,210,False,False,
1,1,Halo Forager,mom,Near Mint,English,,,2025-01-28 04:14:48.903000,385,False,False,
1,1,Haradrim Spearmaster,ltr,Near Mint,English,,,2025-01-28 04:14:48.903000,135,False,False,
1,1,Heaped Harvest,blb,Near Mint,English,,,2025-01-28 04:14:48.903000,175,False,False,
1,1,Heartfire Hero,blb,Near Mint,English,foil,,2025-01-28 04:14:48.903000,138,False,False,
1,1,Homunculus Horde,fdn,Near Mint,English,,,2025-01-28 04:14:48.903000,41,False,False,
1,1,Infernal Vessel,fdn,Near Mint,English,,,2025-01-28 04:14:48.903000,63,False,False,
1,1,Infestation Sage,fdn,Near Mint,English,,,2025-01-28 04:14:48.903000,64,False,False,
1,1,Jaddi Lifestrider,roe,Near Mint,English,foil,,2025-01-28 04:14:48.903000,189,False,False,
1,1,"Jhoira, Weatherlight Captain",sld,Near Mint,English,foil,,2025-01-28 04:14:48.903000,1276,False,False,
1,1,"Jolrael, Voice of Zhalfir",mat,Near Mint,English,foil,,2025-01-28 04:14:48.903000,230,False,False,
1,1,"Kogla, the Titan Ape",sld,Near Mint,English,foil,,2025-01-28 04:14:48.903000,1274,False,False,
1,1,"Lae'zel, Vlaakith's Champion",clb,Near Mint,English,,,2025-01-28 04:14:48.903000,378,False,False,
1,1,Lightning Greaves,sld,Near Mint,English,foil,,2025-01-28 04:14:48.903000,1493★,False,False,
1,1,Lilysplash Mentor,blb,Near Mint,English,,,2025-01-28 04:14:48.903000,222,False,False,
27,27,Swamp,j22,Near Mint,English,,,2025-01-03 17:46:57.580000,106,False,False,
27,27,Swamp,j22,Near Mint,English,,,2025-01-03 17:46:25.580000,105,False,False,
26,26,Swamp,j22,Near Mint,English,,,2025-01-03 17:45:55.280000,104,False,False,
27,27,Forest,j22,Near Mint,English,,,2025-01-03 17:44:41.767000,111,False,False,
29,29,Forest,j22,Near Mint,English,,,2025-01-03 17:44:07.263000,110,False,False,
21,21,Island,j22,Near Mint,English,,,2025-01-03 17:42:19.227000,103,False,False,
21,21,Island,j22,Near Mint,English,,,2025-01-03 17:41:50.693000,102,False,False,
21,21,Island,j22,Near Mint,English,,,2025-01-03 17:41:15.477000,101,False,False,
21,21,Mountain,j22,Near Mint,English,,,2025-01-03 17:39:54.397000,109,False,False,
20,20,Mountain,j22,Near Mint,English,,,2025-01-03 17:39:27.263000,108,False,False,
20,20,Mountain,j22,Near Mint,English,,,2025-01-03 17:39:00.747000,107,False,False,
22,22,Plains,j22,Near Mint,English,,,2025-01-03 17:37:09.613000,99,False,False,
22,22,Plains,j22,Near Mint,English,,,2025-01-03 17:36:35.577000,100,False,False,
21,21,Plains,j22,Near Mint,English,,,2025-01-03 17:36:15.207000,98,False,False,
1,1,Arcane Signet,clb,Near Mint,English,,,2025-01-02 03:35:54.547000,298,False,False,
1,1,Archpriest of Iona,clb,Near Mint,English,,,2025-01-02 03:35:54.547000,686,False,False,
1,1,Ash Barrens,clb,Near Mint,English,,,2025-01-02 03:35:54.547000,880,False,False,
1,1,Austere Command,clb,Near Mint,English,,,2025-01-02 03:35:54.547000,687,False,False,
1,1,Aven Mindcensor,clb,Near Mint,English,,,2025-01-02 03:35:54.547000,688,False,False,
1,1,Black Market Connections,clb,Near Mint,English,,,2025-01-02 03:35:54.547000,669,False,False,
1,1,Bloodsoaked Champion,clb,Near Mint,English,,,2025-01-02 03:35:54.547000,740,False,False,
1,1,Bojuka Bog,clb,Near Mint,English,,,2025-01-02 03:35:54.547000,882,False,False,
1,1,"Burakos, Party Leader",clb,Near Mint,English,foil,,2025-01-02 03:35:54.547000,653,False,False,
1,1,Butcher of Malakir,clb,Near Mint,English,,,2025-01-02 03:35:54.547000,741,False,False,
1,1,Bygone Bishop,clb,Near Mint,English,,,2025-01-02 03:35:54.547000,689,False,False,
1,1,Calculating Lich,clb,Near Mint,English,,,2025-01-02 03:35:54.547000,742,False,False,
1,1,Castle Locthwain,clb,Near Mint,English,,,2025-01-02 03:35:54.547000,884,False,False,
1,1,Changeling Outcast,clb,Near Mint,English,,,2025-01-02 03:35:54.547000,743,False,False,
1,1,Command Tower,clb,Near Mint,English,,,2025-01-02 03:35:54.547000,351,False,False,
1,1,Corpse Augur,clb,Near Mint,English,,,2025-01-02 03:35:54.547000,744,False,False,
1,1,Crib Swap,clb,Near Mint,English,,,2025-01-02 03:35:54.547000,690,False,False,
1,1,Deep Gnome Terramancer,clb,Near Mint,English,,,2025-01-02 03:35:54.547000,658,False,False,
1,1,Despark,clb,Near Mint,English,,,2025-01-02 03:35:54.547000,841,False,False,
1,1,Dire Fleet Ravager,clb,Near Mint,English,,,2025-01-02 03:35:54.547000,749,False,False,
1,1,Dusk // Dawn,clb,Near Mint,English,,,2025-01-02 03:35:54.547000,691,False,False,
1,1,Eight-and-a-Half-Tails,clb,Near Mint,English,,,2025-01-02 03:35:54.547000,692,False,False,
1,1,"Felisa, Fang of Silverquill",clb,Near Mint,English,,,2025-01-02 03:35:54.547000,845,False,False,
1,1,Firja's Retribution,clb,Near Mint,English,,,2025-01-02 03:35:54.547000,846,False,False,
1,1,Folk Hero,clb,Near Mint,English,foil,,2025-01-02 03:35:54.547000,650,False,False,
1,1,Frontline Medic,clb,Near Mint,English,,,2025-01-02 03:35:54.547000,693,False,False,
1,1,Galepowder Mage,clb,Near Mint,English,,,2025-01-02 03:35:54.547000,694,False,False,
1,1,Glorious Protector,clb,Near Mint,English,,,2025-01-02 03:35:54.547000,695,False,False,
1,1,"Gonti, Lord of Luxury",clb,Near Mint,English,,,2025-01-02 03:35:54.547000,753,False,False,
1,1,Grim Haruspex,clb,Near Mint,English,,,2025-01-02 03:35:54.547000,754,False,False,
1,1,Grim Hireling,clb,Near Mint,English,,,2025-01-02 03:35:54.547000,755,False,False,
1,1,Harper Recruiter,clb,Near Mint,English,,,2025-01-02 03:35:54.547000,659,False,False,
1,1,High Priest of Penance,clb,Near Mint,English,,,2025-01-02 03:35:54.547000,848,False,False,
1,1,Irregular Cohort,clb,Near Mint,English,,,2025-01-02 03:35:54.547000,696,False,False,
1,1,Jazal Goldmane,clb,Near Mint,English,,,2025-01-02 03:35:54.547000,697,False,False,
1,1,Mage's Attendant,clb,Near Mint,English,,,2025-01-02 03:35:54.547000,698,False,False,
1,1,Magus of the Balance,clb,Near Mint,English,,,2025-01-02 03:35:54.547000,699,False,False,
1,1,Malakir Blood-Priest,clb,Near Mint,English,,,2025-01-02 03:35:54.547000,760,False,False,
1,1,Mardu Strike Leader,clb,Near Mint,English,,,2025-01-02 03:35:54.547000,761,False,False,
1,1,Maskwood Nexus,clb,Near Mint,English,,,2025-01-02 03:35:54.547000,865,False,False,
1,1,"Mikaeus, the Lunarch",clb,Near Mint,English,,,2025-01-02 03:35:54.547000,700,False,False,
1,1,Mindblade Render,clb,Near Mint,English,,,2025-01-02 03:35:54.547000,762,False,False,
1,1,Mirror Entity,clb,Near Mint,English,,,2025-01-02 03:35:54.547000,701,False,False,
1,1,Mortuary Mire,clb,Near Mint,English,,,2025-01-02 03:35:54.547000,900,False,False,
1,1,Mother of Runes,clb,Near Mint,English,,,2025-01-02 03:35:54.547000,702,False,False,
1,1,Multiclass Baldric,clb,Near Mint,English,,,2025-01-02 03:35:54.547000,684,False,False,
1,1,Mutavault,clb,Near Mint,English,,,2025-01-02 03:35:54.547000,903,False,False,
1,1,Myriad Landscape,clb,Near Mint,English,,,2025-01-02 03:35:54.547000,904,False,False,
1,1,Nalia de'Arnise,clb,Near Mint,English,foil,,2025-01-02 03:35:54.547000,649,False,False,
1,1,Nighthawk Scavenger,clb,Near Mint,English,,,2025-01-02 03:35:54.547000,763,False,False,
1,1,Order of Whiteclay,clb,Near Mint,English,,,2025-01-02 03:35:54.547000,703,False,False,
1,1,Orzhov Basilica,clb,Near Mint,English,,,2025-01-02 03:35:54.547000,906,False,False,
1,1,Orzhov Signet,clb,Near Mint,English,,,2025-01-02 03:35:54.547000,867,False,False,
1,1,Path of Ancestry,clb,Near Mint,English,,,2025-01-02 03:35:54.547000,907,False,False,
10,10,Plains,clb,Near Mint,English,,,2025-01-02 03:35:54.547000,451,False,False,
1,1,Pontiff of Blight,clb,Near Mint,English,,,2025-01-02 03:35:54.547000,768,False,False,
1,1,Priest of Ancient Lore,clb,Near Mint,English,,,2025-01-02 03:35:54.547000,704,False,False,
1,1,Puppeteer Clique,clb,Near Mint,English,,,2025-01-02 03:35:54.547000,769,False,False,
1,1,Rumor Gatherer,clb,Near Mint,English,,,2025-01-02 03:35:54.547000,705,False,False,
1,1,Seasoned Dungeoneer,clb,Near Mint,English,,,2025-01-02 03:35:54.547000,660,False,False,
1,1,Selfless Spirit,clb,Near Mint,English,,,2025-01-02 03:35:54.547000,706,False,False,
1,1,Sevinne's Reclamation,clb,Near Mint,English,,,2025-01-02 03:35:54.547000,707,False,False,
1,1,Shambling Vent,clb,Near Mint,English,,,2025-01-02 03:35:54.547000,914,False,False,
1,1,Skullclamp,clb,Near Mint,English,,,2025-01-02 03:35:54.547000,870,False,False,
1,1,Snowfield Sinkhole,clb,Near Mint,English,,,2025-01-02 03:35:54.547000,915,False,False,
1,1,Sol Ring,clb,Near Mint,English,,,2025-01-02 03:35:54.547000,871,False,False,
1,1,Solemn Doomguide,clb,Near Mint,English,,,2025-01-02 03:35:54.547000,672,False,False,
1,1,Solemn Recruit,clb,Near Mint,English,,,2025-01-02 03:35:54.547000,708,False,False,
1,1,Squad Commander,clb,Near Mint,English,,,2025-01-02 03:35:54.547000,709,False,False,
1,1,Starlit Sanctum,clb,Near Mint,English,,,2025-01-02 03:35:54.547000,917,False,False,
1,1,Stick Together,clb,Near Mint,English,,,2025-01-02 03:35:54.547000,661,False,False,
10,10,Swamp,clb,Near Mint,English,,,2025-01-02 03:35:54.547000,459,False,False,
1,1,Tainted Field,clb,Near Mint,English,,,2025-01-02 03:35:54.547000,919,False,False,
1,1,Talisman of Hierarchy,clb,Near Mint,English,,,2025-01-02 03:35:54.547000,878,False,False,
1,1,Temple of Silence,clb,Near Mint,English,,,2025-01-02 03:35:54.547000,924,False,False,
1,1,Thwart the Grave,clb,Near Mint,English,,,2025-01-02 03:35:54.547000,773,False,False,
1,1,Unbreakable Formation,clb,Near Mint,English,,,2025-01-02 03:35:54.547000,710,False,False,
1,1,Valiant Changeling,clb,Near Mint,English,,,2025-01-02 03:35:54.547000,711,False,False,
1,1,Vault of the Archangel,clb,Near Mint,English,,,2025-01-02 03:35:54.547000,927,False,False,
1,1,War Room,clb,Near Mint,English,,,2025-01-02 03:35:54.547000,929,False,False,
1,1,Windbrisk Heights,clb,Near Mint,English,,,2025-01-02 03:35:54.547000,930,False,False,
1,1,Zulaport Cutthroat,clb,Near Mint,English,,,2025-01-02 03:35:54.547000,775,False,False,
1,1,"Ajani, Strength of the Pride",plst,Near Mint,English,,,2025-01-02 03:35:14.457000,M20-2,False,False,
1,1,Angel of Destiny,plst,Near Mint,English,foil,,2025-01-02 03:35:14.457000,ZNR-2,False,False,
1,1,Angel of Finality,sld,Near Mint,English,foil,,2025-01-02 03:35:14.457000,1342,False,False,
1,1,Angel of Serenity,plst,Near Mint,English,foil,,2025-01-02 03:35:14.457000,RTR-1,False,False,
1,1,Angel of the Ruins,sld,Near Mint,English,foil,,2025-01-02 03:35:14.457000,1343,False,False,
1,1,Angel of Vitality,plst,Near Mint,English,foil,,2025-01-02 03:35:14.457000,M20-4,False,False,
1,1,Angelic Accord,plst,Near Mint,English,,,2025-01-02 03:35:14.457000,M14-3,False,False,
1,1,Angelic Field Marshal,plst,Near Mint,English,foil,,2025-01-02 03:35:14.457000,CMM-13,False,False,
1,1,Arcane Signet,plst,Near Mint,English,,,2025-01-02 03:35:14.457000,ELD-331,False,False,
1,1,Arch of Orazca,plst,Near Mint,English,,,2025-01-02 03:35:14.457000,RIX-185,False,False,
1,1,Archangel of Thune,sld,Near Mint,English,foil,,2025-01-02 03:35:14.457000,1337,False,False,
1,1,Archangel of Tithes,plst,Near Mint,English,foil,,2025-01-02 03:35:14.457000,ORI-4,False,False,
1,1,Arden Angel,sld,Near Mint,English,foil,,2025-01-02 03:35:14.457000,1344,False,False,
1,1,Austere Command,plst,Near Mint,English,,,2025-01-02 03:35:14.457000,LRW-3,False,False,
1,1,Bishop of Wings,plst,Near Mint,English,,,2025-01-02 03:35:14.457000,M20-8,False,False,
1,1,Bonders' Enclave,plst,Near Mint,English,,,2025-01-02 03:35:14.457000,IKO-245,False,False,
1,1,Breathkeeper Seraph,sld,Near Mint,English,foil,,2025-01-02 03:35:14.457000,1345,False,False,
1,1,"Brisela, Voice of Nightmares",sld,Near Mint,English,foil,,2025-01-02 03:35:14.457000,1336b,False,False,
1,1,"Bruna, the Fading Light",sld,Near Mint,English,foil,,2025-01-02 03:35:14.457000,1336,False,False,
1,1,Cleansing Nova,plst,Near Mint,English,,,2025-01-02 03:35:14.457000,C21-86,False,False,
1,1,Commander's Plate,sld,Near Mint,English,foil,,2025-01-02 03:35:14.457000,1339,False,False,
1,1,Cosmos Elixir,plst,Near Mint,English,,,2025-01-02 03:35:14.457000,KHM-237,False,False,
1,1,Court of Grace,sld,Near Mint,English,foil,,2025-01-02 03:35:14.457000,1338,False,False,
1,1,Dawn of Hope,plst,Near Mint,English,,,2025-01-02 03:35:14.457000,GRN-8,False,False,
1,1,Dawnbreak Reclaimer,sld,Near Mint,English,foil,,2025-01-02 03:35:14.457000,1346,False,False,
1,1,Dismantling Wave,plst,Near Mint,English,,,2025-01-02 03:35:14.457000,C20-25,False,False,
1,1,Emeria Shepherd,plst,Near Mint,English,foil,,2025-01-02 03:35:14.457000,BFZ-22,False,False,
1,1,"Emeria, the Sky Ruin",plst,Near Mint,English,,,2025-01-02 03:35:14.457000,ZEN-213,False,False,
1,1,Endless Atlas,plst,Near Mint,English,,,2025-01-02 03:35:14.457000,C18-55,False,False,
1,1,Entreat the Angels,plst,Near Mint,English,foil,,2025-01-02 03:35:14.457000,AVR-20,False,False,
1,1,Everflowing Chalice,plst,Near Mint,English,,,2025-01-02 03:35:14.457000,WWK-123,False,False,
1,1,"Giada, Font of Hope",plst,Near Mint,English,,,2025-01-02 03:35:14.457000,SNC-14,False,False,
1,1,"Gisela, the Broken Blade",sld,Near Mint,English,foil,,2025-01-02 03:35:14.457000,1335,False,False,
1,1,Griffin Aerie,plst,Near Mint,English,,,2025-01-02 03:35:14.457000,M21-22,False,False,
1,1,Heirloom Blade,plst,Near Mint,English,,,2025-01-02 03:35:14.457000,C17-52,False,False,
1,1,Invoke the Divine,plst,Near Mint,English,,,2025-01-02 03:35:14.457000,DOM-22,False,False,
1,1,Karoo,plst,Near Mint,English,,,2025-01-02 03:35:14.457000,VIS-165,False,False,
1,1,Keeper of the Accord,plst,Near Mint,English,,,2025-01-02 03:35:14.457000,CMR-27,False,False,
1,1,Kindred Boon,plst,Near Mint,English,,,2025-01-02 03:35:14.457000,C17-5,False,False,
1,1,Lightning Greaves,plst,Near Mint,English,,,2025-01-02 03:35:14.457000,C19-217,False,False,
1,1,Marble Diamond,plst,Near Mint,English,,,2025-01-02 03:35:14.457000,MIR-310,False,False,
1,1,Mazemind Tome,plst,Near Mint,English,,,2025-01-02 03:35:14.457000,M21-232,False,False,
1,1,Mind Stone,plst,Near Mint,English,,,2025-01-02 03:35:14.457000,WTH-153,False,False,
1,1,Myriad Landscape,plst,Near Mint,English,,,2025-01-02 03:35:14.457000,C14-61,False,False,
1,1,Nykthos Paragon,plst,Near Mint,English,,,2025-01-02 03:35:14.457000,MH2-22,False,False,
1,1,"Nykthos, Shrine to Nyx",plst,Near Mint,English,,,2025-01-02 03:35:14.457000,THS-223,False,False,
1,1,Oketra's Monument,plst,Near Mint,English,,,2025-01-02 03:35:14.457000,AKH-233,False,False,
1,1,Path of Ancestry,plst,Near Mint,English,,,2025-01-02 03:35:14.457000,C17-56,False,False,
1,1,Path to Exile,plst,Near Mint,English,,,2025-01-02 03:35:14.457000,CON-15,False,False,
1,1,Pearl Medallion,plst,Near Mint,English,,,2025-01-02 03:35:14.457000,TMP-300,False,False,
7,7,Plains,sld,Near Mint,English,foil,,2025-01-02 03:35:14.457000,1351,False,False,
7,7,Plains,sld,Near Mint,English,foil,,2025-01-02 03:35:14.457000,1350,False,False,
8,8,Plains,sld,Near Mint,English,foil,,2025-01-02 03:35:14.457000,1349,False,False,
8,8,Plains,sld,Near Mint,English,foil,,2025-01-02 03:35:14.457000,1348,False,False,
1,1,Righteous Valkyrie,plst,Near Mint,English,foil,,2025-01-02 03:35:14.457000,KHM-24,False,False,
1,1,Search for Glory,plst,Near Mint,English,,,2025-01-02 03:35:14.457000,KHM-27,False,False,
1,1,"Sephara, Sky's Blade",plst,Near Mint,English,foil,,2025-01-02 03:35:14.457000,M20-36,False,False,
1,1,Seraph Sanctuary,plst,Near Mint,English,,,2025-01-02 03:35:14.457000,AVR-228,False,False,
1,1,Serra Ascendant,plst,Near Mint,English,,,2025-01-02 03:35:14.457000,M11-28,False,False,
1,1,Shattered Angel,plst,Near Mint,English,foil,,2025-01-02 03:35:14.457000,NPH-23,False,False,
1,1,Sigarda's Aid,sld,Near Mint,English,foil,,2025-01-02 03:35:14.457000,731,False,False,
1,1,Sol Ring,plst,Near Mint,English,,,2025-01-02 03:35:14.457000,C18-222,False,False,
1,1,Speaker of the Heavens,plst,Near Mint,English,,,2025-01-02 03:35:14.457000,M21-38,False,False,
1,1,Starnheim Aspirant,plst,Near Mint,English,,,2025-01-02 03:35:14.457000,KHM-380,False,False,
1,1,Sunblast Angel,plst,Near Mint,English,foil,,2025-01-02 03:35:14.457000,SOM-22,False,False,
1,1,Swiftfoot Boots,plst,Near Mint,English,,,2025-01-02 03:35:14.457000,M12-219,False,False,
1,1,Sword of the Animist,plst,Near Mint,English,,,2025-01-02 03:35:14.457000,ORI-240,False,False,
1,1,Swords to Plowshares,plst,Near Mint,English,,,2025-01-02 03:35:14.457000,VOC-99,False,False,
1,1,Thalia's Lancers,plst,Near Mint,English,,,2025-01-02 03:35:14.457000,EMN-47,False,False,
1,1,The Book of Exalted Deeds,plst,Near Mint,English,,,2025-01-02 03:35:14.457000,AFR-4,False,False,
1,1,Tome of Legends,plst,Near Mint,English,,,2025-01-02 03:35:14.457000,ELD-332,False,False,
1,1,Urza's Incubator,plst,Near Mint,English,,,2025-01-02 03:35:14.457000,C15-273,False,False,
1,1,Valkyrie Harbinger,sld,Near Mint,English,foil,,2025-01-02 03:35:14.457000,1347,False,False,
1,1,Vanquisher's Banner,plst,Near Mint,English,,,2025-01-02 03:35:14.457000,XLN-251,False,False,
1,1,War Room,plst,Near Mint,English,,,2025-01-02 03:35:14.457000,CMR-361,False,False,
1,1,Well of Lost Dreams,plst,Near Mint,English,,,2025-01-02 03:35:14.457000,DST-159,False,False,
1,1,"Alela, Artful Provocateur",brc,Near Mint,English,,,2025-01-02 03:34:38.403000,119,False,False,
1,1,Ancient Den,brc,Near Mint,English,,,2025-01-02 03:34:38.403000,172,False,False,
1,1,Angel of the Ruins,brc,Near Mint,English,,,2025-01-02 03:34:38.403000,68,False,False,
1,1,Arcane Sanctum,brc,Near Mint,English,,,2025-01-02 03:34:38.403000,173,False,False,
1,1,Arcane Signet,brc,Near Mint,English,,,2025-01-02 03:34:38.403000,132,False,False,
1,1,"Armix, Filigree Thrasher",brc,Near Mint,English,,,2025-01-02 03:34:38.403000,103,False,False,
1,1,Ash Barrens,brc,Near Mint,English,,,2025-01-02 03:34:38.403000,174,False,False,
1,1,Austere Command,brc,Near Mint,English,,,2025-01-02 03:34:38.403000,69,False,False,
1,1,Azorius Chancery,brc,Near Mint,English,,,2025-01-02 03:34:38.403000,175,False,False,
1,1,Azorius Signet,brc,Near Mint,English,,,2025-01-02 03:34:38.403000,133,False,False,
1,1,Baleful Strix,brc,Near Mint,English,,,2025-01-02 03:34:38.403000,120,False,False,
1,1,Bident of Thassa,brc,Near Mint,English,,,2025-01-02 03:34:38.403000,80,False,False,
1,1,Bojuka Bog,brc,Near Mint,English,,,2025-01-02 03:34:38.403000,176,False,False,
1,1,Bronze Guardian,brc,Near Mint,English,,,2025-01-02 03:34:38.403000,70,False,False,
1,1,Chief of the Foundry,brc,Near Mint,English,,,2025-01-02 03:34:38.403000,134,False,False,
1,1,Chrome Courier,brc,Near Mint,English,,,2025-01-02 03:34:38.403000,123,False,False,
1,1,Command Tower,brc,Near Mint,English,,,2025-01-02 03:34:38.403000,178,False,False,
1,1,Cranial Plating,brc,Near Mint,English,,,2025-01-02 03:34:38.403000,136,False,False,
1,1,Darksteel Citadel,brc,Near Mint,English,,,2025-01-02 03:34:38.403000,180,False,False,
1,1,Darksteel Juggernaut,brc,Near Mint,English,,,2025-01-02 03:34:38.403000,137,False,False,
1,1,Despark,brc,Near Mint,English,,,2025-01-02 03:34:38.403000,124,False,False,
1,1,Digsite Engineer,brc,Near Mint,English,,,2025-01-02 03:34:38.403000,71,False,False,
1,1,Dimir Aqueduct,brc,Near Mint,English,,,2025-01-02 03:34:38.403000,182,False,False,
1,1,Dimir Signet,brc,Near Mint,English,,,2025-01-02 03:34:38.403000,138,False,False,
1,1,Etched Champion,brc,Near Mint,English,,,2025-01-02 03:34:38.403000,140,False,False,
1,1,Etherium Sculptor,brc,Near Mint,English,,,2025-01-02 03:34:38.403000,82,False,False,
1,1,Ethersworn Adjudicator,brc,Near Mint,English,,,2025-01-02 03:34:38.403000,83,False,False,
1,1,Evolving Wilds,brc,Near Mint,English,,,2025-01-02 03:34:38.403000,184,False,False,
1,1,Exotic Orchard,brc,Near Mint,English,,,2025-01-02 03:34:38.403000,185,False,False,
1,1,Filigree Attendant,brc,Near Mint,English,,,2025-01-02 03:34:38.403000,85,False,False,
1,1,Goldmire Bridge,brc,Near Mint,English,,,2025-01-02 03:34:38.403000,186,False,False,
1,1,Hexavus,brc,Near Mint,English,,,2025-01-02 03:34:38.403000,14,False,False,
1,1,Indomitable Archangel,brc,Near Mint,English,,,2025-01-02 03:34:38.403000,72,False,False,
2,2,Island,brc,Near Mint,English,,,2025-01-02 03:34:38.403000,31,False,False,
2,2,Island,brc,Near Mint,English,,,2025-01-02 03:34:38.403000,32,False,False,
1,1,Kayla's Music Box,brc,Near Mint,English,,,2025-01-02 03:34:38.403000,15,False,False,
1,1,Liquimetal Torque,brc,Near Mint,English,,,2025-01-02 03:34:38.403000,145,False,False,
1,1,"Losheel, Clockwork Scholar",brc,Near Mint,English,,,2025-01-02 03:34:38.403000,73,False,False,
1,1,March of Progress,brc,Near Mint,English,,,2025-01-02 03:34:38.403000,8,False,False,
1,1,Marionette Master,brc,Near Mint,English,,,2025-01-02 03:34:38.403000,109,False,False,
1,1,Master of Etherium,brc,Near Mint,English,,,2025-01-02 03:34:38.403000,86,False,False,
1,1,Mistvault Bridge,brc,Near Mint,English,,,2025-01-02 03:34:38.403000,189,False,False,
1,1,Myr Battlesphere,brc,Near Mint,English,,,2025-01-02 03:34:38.403000,151,False,False,
1,1,Noxious Gearhulk,brc,Near Mint,English,,,2025-01-02 03:34:38.403000,110,False,False,
1,1,One with the Machine,brc,Near Mint,English,,,2025-01-02 03:34:38.403000,90,False,False,
1,1,Orzhov Basilica,brc,Near Mint,English,,,2025-01-02 03:34:38.403000,191,False,False,
1,1,Orzhov Signet,brc,Near Mint,English,,,2025-01-02 03:34:38.403000,154,False,False,
1,1,Path of Ancestry,brc,Near Mint,English,,,2025-01-02 03:34:38.403000,192,False,False,
1,1,Phyrexian Rebirth,brc,Near Mint,English,,,2025-01-02 03:34:38.403000,74,False,False,
2,2,Plains,brc,Near Mint,English,,,2025-01-02 03:34:38.403000,29,False,False,
2,2,Plains,brc,Near Mint,English,,,2025-01-02 03:34:38.403000,30,False,False,
1,1,Prairie Stream,brc,Near Mint,English,,,2025-01-02 03:34:38.403000,193,False,False,
1,1,Preordain,brc,Near Mint,English,,,2025-01-02 03:34:38.403000,92,False,False,
1,1,Razortide Bridge,brc,Near Mint,English,,,2025-01-02 03:34:38.403000,195,False,False,
1,1,Relic of Progenitus,brc,Near Mint,English,,,2025-01-02 03:34:38.403000,157,False,False,
1,1,River of Tears,brc,Near Mint,English,,,2025-01-02 03:34:38.403000,197,False,False,
1,1,"Sai, Master Thopterist",brc,Near Mint,English,,,2025-01-02 03:34:38.403000,93,False,False,
1,1,"Sanwell, Avenger Ace",brc,Near Mint,English,,,2025-01-02 03:34:38.403000,5,False,False,
1,1,Scholar of New Horizons,brc,Near Mint,English,,,2025-01-02 03:34:38.403000,6,False,False,
1,1,Seat of the Synod,brc,Near Mint,English,,,2025-01-02 03:34:38.403000,198,False,False,
1,1,Sharding Sphinx,brc,Near Mint,English,,,2025-01-02 03:34:38.403000,94,False,False,
1,1,Sharuum the Hegemon,brc,Near Mint,English,,,2025-01-02 03:34:38.403000,128,False,False,
1,1,Shimmer Dragon,brc,Near Mint,English,,,2025-01-02 03:34:38.403000,95,False,False,
1,1,Skullclamp,brc,Near Mint,English,,,2025-01-02 03:34:38.403000,159,False,False,
1,1,Skycloud Expanse,brc,Near Mint,English,,,2025-01-02 03:34:38.403000,201,False,False,
1,1,Sol Ring,brc,Near Mint,English,,,2025-01-02 03:34:38.403000,160,False,False,
1,1,Solemn Simulacrum,brc,Near Mint,English,,,2025-01-02 03:34:38.403000,161,False,False,
1,1,Sphinx's Revelation,brc,Near Mint,English,,,2025-01-02 03:34:38.403000,130,False,False,
1,1,Spire of Industry,brc,Near Mint,English,,,2025-01-02 03:34:38.403000,203,False,False,
1,1,Steel Hellkite,brc,Near Mint,English,,,2025-01-02 03:34:38.403000,163,False,False,
1,1,Steel Overseer,brc,Near Mint,English,,,2025-01-02 03:34:38.403000,164,False,False,
1,1,Sunken Hollow,brc,Near Mint,English,,,2025-01-02 03:34:38.403000,204,False,False,
1,1,Swamp,brc,Near Mint,English,,,2025-01-02 03:34:38.403000,34,False,False,
2,2,Swamp,brc,Near Mint,English,,,2025-01-02 03:34:38.403000,33,False,False,
1,1,Swiftfoot Boots,brc,Near Mint,English,,,2025-01-02 03:34:38.403000,166,False,False,
1,1,Swords to Plowshares,brc,Near Mint,English,,,2025-01-02 03:34:38.403000,75,False,False,
1,1,"Tawnos, Solemn Survivor",brc,Near Mint,English,foil,,2025-01-02 03:34:38.403000,3,False,False,
1,1,Tempered Steel,brc,Near Mint,English,,,2025-01-02 03:34:38.403000,76,False,False,
1,1,Temple of Deceit,brc,Near Mint,English,,,2025-01-02 03:34:38.403000,205,False,False,
1,1,Temple of Enlightenment,brc,Near Mint,English,,,2025-01-02 03:34:38.403000,206,False,False,
1,1,Temple of Silence,brc,Near Mint,English,,,2025-01-02 03:34:38.403000,209,False,False,
1,1,"Teshar, Ancestor's Apostle",brc,Near Mint,English,,,2025-01-02 03:34:38.403000,77,False,False,
1,1,Thopter Shop,brc,Near Mint,English,,,2025-01-02 03:34:38.403000,19,False,False,
1,1,Thopter Spy Network,brc,Near Mint,English,,,2025-01-02 03:34:38.403000,97,False,False,
1,1,Thought Monitor,brc,Near Mint,English,,,2025-01-02 03:34:38.403000,98,False,False,
1,1,Thought Vessel,brc,Near Mint,English,,,2025-01-02 03:34:38.403000,167,False,False,
1,1,Unbreakable Formation,brc,Near Mint,English,,,2025-01-02 03:34:38.403000,78,False,False,
1,1,"Urza, Chief Artificer",brc,Near Mint,English,foil,,2025-01-02 03:34:38.403000,2,False,False,
1,1,Urza's Ruinous Blast,brc,Near Mint,English,,,2025-01-02 03:34:38.403000,79,False,False,
1,1,Vault of Whispers,brc,Near Mint,English,,,2025-01-02 03:34:38.403000,211,False,False,
1,1,Vedalken Humiliator,brc,Near Mint,English,,,2025-01-02 03:34:38.403000,100,False,False,
1,1,Vindicate,brc,Near Mint,English,,,2025-01-02 03:34:38.403000,131,False,False,
1,1,Whirler Rogue,brc,Near Mint,English,,,2025-01-02 03:34:38.403000,101,False,False,
1,1,Wire Surgeons,brc,Near Mint,English,,,2025-01-02 03:34:38.403000,10,False,False,
1,1,Wreck Hunter,brc,Near Mint,English,,,2025-01-02 03:34:38.403000,11,False,False,
1,1,Akroma's Will,lcc,Near Mint,English,,,2025-01-02 03:20:11.470000,125,False,False,
1,1,Apex Altisaur,lcc,Near Mint,English,,,2025-01-02 03:20:11.470000,232,False,False,
1,1,Arcane Signet,lcc,Near Mint,English,,,2025-01-02 03:20:11.470000,299,False,False,
1,1,Arch of Orazca,lcc,Near Mint,English,,,2025-01-02 03:20:11.470000,319,False,False,
1,1,Atzocan Seer,lcc,Near Mint,English,,,2025-01-02 03:20:11.470000,265,False,False,
1,1,Bellowing Aegisaur,lcc,Near Mint,English,,,2025-01-02 03:20:11.470000,127,False,False,
1,1,Bronzebeak Foragers,lcc,Near Mint,English,,,2025-01-02 03:20:11.470000,69,False,False,
1,1,Canopy Vista,lcc,Near Mint,English,,,2025-01-02 03:20:11.470000,321,False,False,
1,1,Chandra's Ignition,lcc,Near Mint,English,,,2025-01-02 03:20:11.470000,220,False,False,
1,1,Cinder Glade,lcc,Near Mint,English,,,2025-01-02 03:20:11.470000,323,False,False,
1,1,Clifftop Retreat,lcc,Near Mint,English,,,2025-01-02 03:20:11.470000,324,False,False,
1,1,Command Tower,lcc,Near Mint,English,,,2025-01-02 03:20:11.470000,325,False,False,
1,1,Cultivate,lcc,Near Mint,English,,,2025-01-02 03:20:11.470000,235,False,False,
1,1,Curious Altisaur,lcc,Near Mint,English,,,2025-01-02 03:20:11.470000,90,False,False,
1,1,Deathgorge Scavenger,lcc,Near Mint,English,,,2025-01-02 03:20:11.470000,236,False,False,
1,1,Descendants' Path,lcc,Near Mint,English,,,2025-01-02 03:20:11.470000,238,False,False,
1,1,Dinosaur Egg,lcc,Near Mint,English,,,2025-01-02 03:20:11.470000,92,False,False,
1,1,Drover of the Mighty,lcc,Near Mint,English,,,2025-01-02 03:20:11.470000,239,False,False,
1,1,Earthshaker Dreadmaw,lci,Near Mint,English,,,2025-01-02 03:20:11.470000,183,False,False,
1,1,"Etali, Primal Storm",lcc,Near Mint,English,,,2025-01-02 03:20:11.470000,224,False,False,
1,1,Evolving Wilds,lcc,Near Mint,English,,,2025-01-02 03:20:11.470000,328,False,False,
1,1,Exotic Orchard,lcc,Near Mint,English,,,2025-01-02 03:20:11.470000,329,False,False,
1,1,Farseek,lcc,Near Mint,English,,,2025-01-02 03:20:11.470000,242,False,False,
1,1,Fiery Confluence,lcc,Near Mint,English,,,2025-01-02 03:20:11.470000,226,False,False,
8,8,Forest,lci,Near Mint,English,,,2025-01-02 03:20:11.470000,401,False,False,
1,1,Fortified Village,lcc,Near Mint,English,,,2025-01-02 03:20:11.470000,331,False,False,
1,1,From the Rubble,lcc,Near Mint,English,,,2025-01-02 03:20:11.470000,72,False,False,
1,1,Furycalm Snarl,lcc,Near Mint,English,,,2025-01-02 03:20:11.470000,333,False,False,
1,1,Game Trail,lcc,Near Mint,English,,,2025-01-02 03:20:11.470000,334,False,False,
1,1,Generous Gift,lcc,Near Mint,English,,,2025-01-02 03:20:11.470000,128,False,False,
1,1,"Itzquinth, Firstborn of Gishath",lci,Near Mint,English,,,2025-01-02 03:20:11.470000,230,False,False,
1,1,Ixalli's Lorekeeper,lci,Near Mint,English,,,2025-01-02 03:20:11.470000,194,False,False,
1,1,Jungle Shrine,lcc,Near Mint,English,,,2025-01-02 03:20:11.470000,338,False,False,
1,1,Kessig Wolf Run,lcc,Near Mint,English,,,2025-01-02 03:20:11.470000,340,False,False,
1,1,Kinjalli's Sunwing,lcc,Near Mint,English,,,2025-01-02 03:20:11.470000,130,False,False,
1,1,Lifecrafter's Bestiary,lcc,Near Mint,English,,,2025-01-02 03:20:11.470000,307,False,False,
1,1,Majestic Heliopterus,lcc,Near Mint,English,,,2025-01-02 03:20:11.470000,131,False,False,
1,1,Marauding Raptor,lcc,Near Mint,English,,,2025-01-02 03:20:11.470000,228,False,False,
1,1,Migration Path,lcc,Near Mint,English,,,2025-01-02 03:20:11.470000,246,False,False,
1,1,Mosswort Bridge,lcc,Near Mint,English,,,2025-01-02 03:20:11.470000,342,False,False,
4,4,Mountain,lci,Near Mint,English,,,2025-01-02 03:20:11.470000,399,False,False,
1,1,Myriad Landscape,lcc,Near Mint,English,,,2025-01-02 03:20:11.470000,343,False,False,
1,1,Otepec Huntmaster,lcc,Near Mint,English,,,2025-01-02 03:20:11.470000,229,False,False,
1,1,"Pantlaza, Sun-Favored",lcc,Near Mint,English,foil,,2025-01-02 03:20:11.470000,4,False,False,
1,1,Path of Ancestry,lcc,Near Mint,English,,,2025-01-02 03:20:11.470000,346,False,False,
1,1,Path to Exile,lcc,Near Mint,English,,,2025-01-02 03:20:11.470000,134,False,False,
4,4,Plains,lci,Near Mint,English,,,2025-01-02 03:20:11.470000,393,False,False,
1,1,Progenitor's Icon,lcc,Near Mint,English,,,2025-01-02 03:20:11.470000,100,False,False,
1,1,Quartzwood Crasher,lcc,Near Mint,English,,,2025-01-02 03:20:11.470000,281,False,False,
1,1,Raging Regisaur,lcc,Near Mint,English,,,2025-01-02 03:20:11.470000,282,False,False,
1,1,Raging Swordtooth,lcc,Near Mint,English,,,2025-01-02 03:20:11.470000,283,False,False,
1,1,Rampaging Brontodon,lcc,Near Mint,English,,,2025-01-02 03:20:11.470000,247,False,False,
1,1,Rampant Growth,lcc,Near Mint,English,,,2025-01-02 03:20:11.470000,248,False,False,
1,1,Ranging Raptors,lcc,Near Mint,English,,,2025-01-02 03:20:11.470000,249,False,False,
1,1,Regal Behemoth,lcc,Near Mint,English,,,2025-01-02 03:20:11.470000,251,False,False,
1,1,Regisaur Alpha,lcc,Near Mint,English,,,2025-01-02 03:20:11.470000,286,False,False,
1,1,Return of the Wildspeaker,lcc,Near Mint,English,,,2025-01-02 03:20:11.470000,252,False,False,
1,1,Rhythm of the Wild,lcc,Near Mint,English,,,2025-01-02 03:20:11.470000,287,False,False,
1,1,Ripjaw Raptor,lcc,Near Mint,English,,,2025-01-02 03:20:11.470000,253,False,False,
1,1,Rishkar's Expertise,lcc,Near Mint,English,,,2025-01-02 03:20:11.470000,254,False,False,
1,1,Rogue's Passage,lcc,Near Mint,English,,,2025-01-02 03:20:11.470000,349,False,False,
1,1,Runic Armasaur,lcc,Near Mint,English,,,2025-01-02 03:20:11.470000,256,False,False,
1,1,Savage Stomp,lcc,Near Mint,English,,,2025-01-02 03:20:11.470000,257,False,False,
1,1,Scion of Calamity,lcc,Near Mint,English,,,2025-01-02 03:20:11.470000,93,False,False,
1,1,Secluded Courtyard,lcc,Near Mint,English,,,2025-01-02 03:20:11.470000,350,False,False,
1,1,Shifting Ceratops,lcc,Near Mint,English,,,2025-01-02 03:20:11.470000,258,False,False,
1,1,Sol Ring,lcc,Near Mint,English,,,2025-01-02 03:20:11.470000,313,False,False,
1,1,Sunfrill Imitator,lcc,Near Mint,English,,,2025-01-02 03:20:11.470000,94,False,False,
1,1,Temple Altisaur,lcc,Near Mint,English,,,2025-01-02 03:20:11.470000,138,False,False,
1,1,Temple of the False God,lcc,Near Mint,English,,,2025-01-02 03:20:11.470000,359,False,False,
1,1,Terramorphic Expanse,lcc,Near Mint,English,,,2025-01-02 03:20:11.470000,360,False,False,
1,1,Thrashing Brontodon,lci,Near Mint,English,,,2025-01-02 03:20:11.470000,216,False,False,
1,1,Thriving Bluff,lcc,Near Mint,English,,,2025-01-02 03:20:11.470000,361,False,False,
1,1,Thriving Grove,lcc,Near Mint,English,,,2025-01-02 03:20:11.470000,362,False,False,
1,1,Thriving Heath,lcc,Near Mint,English,,,2025-01-02 03:20:11.470000,363,False,False,
1,1,Thunderherd Migration,lcc,Near Mint,English,,,2025-01-02 03:20:11.470000,259,False,False,
1,1,Thundering Spineback,lcc,Near Mint,English,,,2025-01-02 03:20:11.470000,260,False,False,
1,1,Topiary Stomper,lcc,Near Mint,English,,,2025-01-02 03:20:11.470000,261,False,False,
1,1,Unclaimed Territory,lcc,Near Mint,English,,,2025-01-02 03:20:11.470000,366,False,False,
1,1,Verdant Sun's Avatar,lcc,Near Mint,English,,,2025-01-02 03:20:11.470000,262,False,False,
1,1,Wakening Sun's Avatar,lcc,Near Mint,English,,,2025-01-02 03:20:11.470000,139,False,False,
1,1,"Wayta, Trainer Prodigy",lcc,Near Mint,English,foil,,2025-01-02 03:20:11.470000,7,False,False,
1,1,Wayward Swordtooth,lcc,Near Mint,English,,,2025-01-02 03:20:11.470000,263,False,False,
1,1,Wrathful Raptors,lcc,Near Mint,English,,,2025-01-02 03:20:11.470000,88,False,False,
1,1,"Xenagos, God of Revels",lcc,Near Mint,English,,,2025-01-02 03:20:11.470000,295,False,False,
1,1,"Zacama, Primal Calamity",lcc,Near Mint,English,,,2025-01-02 03:20:11.470000,296,False,False,
1,1,"Zetalpa, Primal Dawn",lcc,Near Mint,English,,,2025-01-02 03:20:11.470000,141,False,False,
1,1,Abstruse Archaic,cmm,Near Mint,English,,,2025-01-02 03:18:57.677000,712,False,False,
1,1,All Is Dust,cmm,Near Mint,English,,,2025-01-02 03:18:57.677000,800,False,False,
1,1,Ancient Stone Idol,cmm,Near Mint,English,,,2025-01-02 03:18:57.677000,940,False,False,
1,1,Arcane Lighthouse,cmm,Near Mint,English,,,2025-01-02 03:18:57.677000,985,False,False,
1,1,Arch of Orazca,cmm,Near Mint,English,,,2025-01-02 03:18:57.677000,986,False,False,
1,1,Artisan of Kozilek,cmm,Near Mint,English,,,2025-01-02 03:18:57.677000,801,False,False,
1,1,Bane of Bala Ged,cmm,Near Mint,English,,,2025-01-02 03:18:57.677000,802,False,False,
1,1,Blast Zone,cmm,Near Mint,English,,,2025-01-02 03:18:57.677000,987,False,False,
1,1,Bonders' Enclave,cmm,Near Mint,English,,,2025-01-02 03:18:57.677000,988,False,False,
1,1,Burnished Hart,cmm,Near Mint,English,,,2025-01-02 03:18:57.677000,373,False,False,
1,1,Calamity of the Titans,cmm,Near Mint,English,,,2025-01-02 03:18:57.677000,713,False,False,
1,1,Crashing Drawbridge,cmm,Near Mint,English,,,2025-01-02 03:18:57.677000,944,False,False,
1,1,Darksteel Monolith,cmm,Near Mint,English,,,2025-01-02 03:18:57.677000,743,False,False,
1,1,Desecrate Reality,cmm,Near Mint,English,,,2025-01-02 03:18:57.677000,714,False,False,
1,1,Dreamstone Hedron,cmm,Near Mint,English,,,2025-01-02 03:18:57.677000,945,False,False,
1,1,Duplicant,cmm,Near Mint,English,,,2025-01-02 03:18:57.677000,946,False,False,
1,1,Eldrazi Temple,cmm,Near Mint,English,,,2025-01-02 03:18:57.677000,992,False,False,
1,1,Endbringer,cmm,Near Mint,English,,,2025-01-02 03:18:57.677000,803,False,False,
1,1,Endless Atlas,cmm,Near Mint,English,,,2025-01-02 03:18:57.677000,947,False,False,
1,1,Endless One,cmm,Near Mint,English,,,2025-01-02 03:18:57.677000,804,False,False,
1,1,Everflowing Chalice,cmm,Near Mint,English,,,2025-01-02 03:18:57.677000,948,False,False,
1,1,Fireshrieker,cmm,Near Mint,English,,,2025-01-02 03:18:57.677000,949,False,False,
1,1,Flayer of Loyalties,cmm,Near Mint,English,,,2025-01-02 03:18:57.677000,715,False,False,
1,1,Forge of Heroes,cmm,Near Mint,English,,,2025-01-02 03:18:57.677000,995,False,False,
1,1,Forsaken Monument,cmm,Near Mint,English,,,2025-01-02 03:18:57.677000,950,False,False,
1,1,Geier Reach Sanitarium,cmm,Near Mint,English,,,2025-01-02 03:18:57.677000,1000,False,False,
1,1,Geode Golem,cmm,Near Mint,English,,,2025-01-02 03:18:57.677000,386,False,False,
1,1,Guildless Commons,cmm,Near Mint,English,,,2025-01-02 03:18:57.677000,1003,False,False,
1,1,Hangarback Walker,cmm,Near Mint,English,,,2025-01-02 03:18:57.677000,951,False,False,
1,1,Hedron Archive,cmm,Near Mint,English,,,2025-01-02 03:18:57.677000,952,False,False,
1,1,Investigator's Journal,cmm,Near Mint,English,,,2025-01-02 03:18:57.677000,956,False,False,
1,1,It That Betrays,cmm,Near Mint,English,,,2025-01-02 03:18:57.677000,805,False,False,
1,1,Kaldra Compleat,cmm,Near Mint,English,,,2025-01-02 03:18:57.677000,958,False,False,
1,1,"Kozilek, the Great Distortion",cmm,Near Mint,English,,,2025-01-02 03:18:57.677000,2,False,False,
1,1,Lightning Greaves,cmm,Near Mint,English,,,2025-01-02 03:18:57.677000,398,False,False,
1,1,Mage-Ring Network,cmm,Near Mint,English,,,2025-01-02 03:18:57.677000,1009,False,False,
1,1,Matter Reshaper,cmm,Near Mint,English,,,2025-01-02 03:18:57.677000,806,False,False,
1,1,Mazemind Tome,cmm,Near Mint,English,,,2025-01-02 03:18:57.677000,959,False,False,
1,1,Metalwork Colossus,cmm,Near Mint,English,,,2025-01-02 03:18:57.677000,960,False,False,
1,1,Meteor Golem,cmm,Near Mint,English,,,2025-01-02 03:18:57.677000,399,False,False,
1,1,Mind Stone,cmm,Near Mint,English,,,2025-01-02 03:18:57.677000,961,False,False,
1,1,Mirage Mirror,cmm,Near Mint,English,,,2025-01-02 03:18:57.677000,962,False,False,
1,1,Mirrorpool,cmm,Near Mint,English,,,2025-01-02 03:18:57.677000,1010,False,False,
1,1,Myriad Construct,cmm,Near Mint,English,,,2025-01-02 03:18:57.677000,963,False,False,
1,1,Mystic Forge,cmm,Near Mint,English,,,2025-01-02 03:18:57.677000,964,False,False,
1,1,Not of This World,cmm,Near Mint,English,,,2025-01-02 03:18:57.677000,807,False,False,
1,1,Oblivion Sower,cmm,Near Mint,English,,,2025-01-02 03:18:57.677000,808,False,False,
1,1,"Omarthis, Ghostfire Initiate",cmm,Near Mint,English,foil,,2025-01-02 03:18:57.677000,708,False,False,
1,1,Ornithopter of Paradise,cmm,Near Mint,English,,,2025-01-02 03:18:57.677000,966,False,False,
1,1,Palladium Myr,cmm,Near Mint,English,,,2025-01-02 03:18:57.677000,967,False,False,
1,1,Perilous Vault,cmm,Near Mint,English,,,2025-01-02 03:18:57.677000,968,False,False,
1,1,Phyrexian Triniform,cmm,Near Mint,English,,,2025-01-02 03:18:57.677000,969,False,False,
1,1,Reliquary Tower,cmm,Near Mint,English,,,2025-01-02 03:18:57.677000,425,False,False,
